id,symbol,sequence,ask_price,ask_size,bid_price,bid_size,time_coinapi,time_exchange,ts
887e013a-4b36-452d-a0b6-114cd17e70a6,QUOTE_COINBASE_SPOT_ETH_BTC,1424639,0.0738,20.79150093,0.07377,0.74,2022-12-11T22:54:12.681751300Z,2022-12-11T22:54:12.614463Z
4557c502-d507-4fdf-993e-395e42103208,QUOTE_COINBASE_SPOT_ETH_BTC,1424640,0.0738,24.74930893,0.07377,0.74,2022-12-11T22:54:16.684584700Z,2022-12-11T22:54:16.616516Z
0fa24b21-889f-4c34-a7a1-855c8657b785,QUOTE_COINBASE_SPOT_ETH_BTC,1424641,0.0738,26.04930893,0.07377,0.74,2022-12-11T22:54:16.748914900Z,2022-12-11T22:54:16.675699Z
e983333a-6a40-4324-9c2e-3723820d03e9,QUOTE_COINBASE_SPOT_ETH_BTC,1424645,0.0738,29.49610893,0.07376,1.75,2022-12-11T22:54:20.245258800Z,2022-12-11T22:54:20.177944Z
ebdda6b7-53ad-436c-95fd-5e5f5f93216c,QUOTE_COINBASE_SPOT_ETH_BTC,1424648,0.0738,20.19610893,0.07376,0.75,2022-12-11T22:54:21.174388600Z,2022-12-11T22:54:21.107022Z
0a180ef5-585b-4665-b3f8-4f0cb722371c,QUOTE_COINBASE_SPOT_ETH_BTC,1424649,0.0738,20.19610893,0.07376,1.75,2022-12-11T22:54:22.187043700Z,2022-12-11T22:54:22.119269Z
4d01dcc2-336e-4dcb-acc4-cbd1edb3ea18,QUOTE_COINBASE_SPOT_ETH_BTC,1424651,0.0738,5.7768,0.07376,1.75,2022-12-11T22:54:22.238647500Z,2022-12-11T22:54:22.168456Z
06645016-6176-464f-9e71-f9cdfc418449,QUOTE_COINBASE_SPOT_ETH_BTC,1424653,0.0738,6.52285206,0.07377,1,2022-12-11T22:54:23.193392400Z,2022-12-11T22:54:23.121024Z
11f38b84-47ef-4fa9-a1f6-1385fd77ab19,QUOTE_COINBASE_SPOT_ETH_BTC,1424656,0.0738,14.52285206,0.07376,1.75,2022-12-11T22:54:23.261204700Z,2022-12-11T22:54:23.193309Z
e8695418-fb7c-4382-ac54-fc0fbf3689c0,QUOTE_COINBASE_SPOT_ETH_BTC,1424657,0.0738,15.27285206,0.07376,1.75,2022-12-11T22:54:23.806498800Z,2022-12-11T22:54:23.738576Z
6da1c39a-85bd-428e-b126-605498f00b33,QUOTE_COINBASE_SPOT_ETH_BTC,1424659,0.0738,15.27285206,0.07376,3.93065408,2022-12-11T22:54:24.655581400Z,2022-12-11T22:54:24.585368Z
c33aca4c-c1ce-4432-be34-67b44709e7f1,QUOTE_COINBASE_SPOT_ETH_BTC,1424660,0.0738,14.44285206,0.07376,3.93065408,2022-12-11T22:54:25.839740Z,2022-12-11T22:54:25.772286Z
1d1cef7c-f63c-4df9-8af3-de9d7fcf219f,QUOTE_COINBASE_SPOT_ETH_BTC,1424662,0.0738,6.44285206,0.07376,2.58,2022-12-11T22:54:26.535118500Z,2022-12-11T22:54:26.467075Z
d7fe7cb2-f220-4fc0-b55e-e58b249629ff,QUOTE_COINBASE_SPOT_ETH_BTC,1424663,0.0738,6.44285206,0.07377,1,2022-12-11T22:54:28.163997500Z,2022-12-11T22:54:28.096155Z
d4dd699c-0fdd-4268-8c71-512450b2a970,QUOTE_COINBASE_SPOT_ETH_BTC,1424666,0.0738,6.52285206,0.07377,1.75,2022-12-11T22:54:29.655471900Z,2022-12-11T22:54:29.587659Z
fa46383d-7bf3-4691-8ccb-23a7e65d2e5a,QUOTE_COINBASE_SPOT_ETH_BTC,1424667,0.0738,6.52285206,0.07377,0.75,2022-12-11T22:54:29.813578900Z,2022-12-11T22:54:29.743938Z
919eae0f-ef05-4333-8887-4373bfa1be73,QUOTE_COINBASE_SPOT_ETH_BTC,1424668,0.0738,5.69285206,0.07377,0.75,2022-12-11T22:54:30.676149200Z,2022-12-11T22:54:30.607794Z
dff3e8aa-3ebd-4372-8648-aaebca05eef1,QUOTE_COINBASE_SPOT_ETH_BTC,1424669,0.0738,5.69285206,0.07377,1.75,2022-12-11T22:54:30.977969500Z,2022-12-11T22:54:30.910299Z
2eff349a-b790-4c7b-abd9-a99edbcbdfeb,QUOTE_COINBASE_SPOT_ETH_BTC,1424671,0.0738,3.4468,0.07377,1.75,2022-12-11T22:54:31.587973600Z,2022-12-11T22:54:31.508139Z
d8059455-d374-4490-b3ae-a8bcc0bf7fc0,QUOTE_COINBASE_SPOT_ETH_BTC,1424679,0.07382,3.08,0.07378,1.75,2022-12-11T22:54:32.182208100Z,2022-12-11T22:54:32.114873Z
c298de3e-e1b0-4c7a-912a-2f4c007a0a64,QUOTE_COINBASE_SPOT_ETH_BTC,1424682,0.07382,11.47515961,0.07378,0.75,2022-12-11T22:54:33.044236200Z,2022-12-11T22:54:32.976760Z
28c8c73d-62a8-4ebd-9b4f-84912d8861c8,QUOTE_COINBASE_SPOT_ETH_BTC,1424683,0.07382,11.47515961,0.07378,1.75,2022-12-11T22:54:34.108135900Z,2022-12-11T22:54:34.035716Z
e10d583a-b535-4663-b9f2-761175b2602a,QUOTE_COINBASE_SPOT_ETH_BTC,1424686,0.07382,10.72515961,0.07379,0.74,2022-12-11T22:54:36.129328400Z,2022-12-11T22:54:36.061802Z
ba4c200e-f9a2-4a3d-be6a-5df4206c7cbd,QUOTE_COINBASE_SPOT_ETH_BTC,1424687,0.07382,11.47366147,0.07379,0.74,2022-12-11T22:54:36.243884900Z,2022-12-11T22:54:36.171528Z
aa52d194-143f-4b2c-8291-c9ed2db9990e,QUOTE_COINBASE_SPOT_ETH_BTC,1424688,0.07382,12.77366147,0.07379,0.74,2022-12-11T22:54:43.066416800Z,2022-12-11T22:54:42.998064Z
1c658017-7f04-4751-9be9-b92e167f32a3,QUOTE_COINBASE_SPOT_ETH_BTC,1424689,0.07382,11.47366147,0.07379,0.74,2022-12-11T22:54:44.056187700Z,2022-12-11T22:54:43.988474Z
0663ea37-650f-4736-aa12-80bb917a84b7,QUOTE_COINBASE_SPOT_ETH_BTC,1424691,0.07382,11.47366147,0.07378,3.25,2022-12-11T22:54:47.643654600Z,2022-12-11T22:54:47.575752Z
25e0571b-a3fe-4e23-83cc-dbf3c91621db,QUOTE_COINBASE_SPOT_ETH_BTC,1424692,0.07382,11.47366147,0.07378,2.5,2022-12-11T22:54:48.559770500Z,2022-12-11T22:54:48.492255Z
9af262ec-340b-4f4d-9e1d-98431d2547d2,QUOTE_COINBASE_SPOT_ETH_BTC,1424693,0.07382,10.72515961,0.07378,2.5,2022-12-11T22:54:49.731480100Z,2022-12-11T22:54:49.664077Z
574a399a-a3fd-4104-963b-7d1c92904be2,QUOTE_COINBASE_SPOT_ETH_BTC,1424696,0.07382,12.02515961,0.07377,1.58,2022-12-11T22:54:51.632116500Z,2022-12-11T22:54:51.564207Z
0a3d92a7-d97a-449d-82ef-41ae4375c23f,QUOTE_COINBASE_SPOT_ETH_BTC,1424697,0.07382,12.02515961,0.07377,0.83,2022-12-11T22:54:52.004467200Z,2022-12-11T22:54:51.934986Z
4a6138bf-ccd4-4d81-83eb-e270ca7364d5,QUOTE_COINBASE_SPOT_ETH_BTC,1424702,0.07382,10.72515961,0.07377,0.83,2022-12-11T22:54:52.595361800Z,2022-12-11T22:54:52.527417Z
0ab03f6d-231d-4636-9f06-731cfeef022f,QUOTE_COINBASE_SPOT_ETH_BTC,1424703,0.07382,12.02515961,0.07377,0.83,2022-12-11T22:54:53.385903900Z,2022-12-11T22:54:53.317606Z
fad487dd-918c-42bc-9ffe-d2ee9dc7de9b,QUOTE_COINBASE_SPOT_ETH_BTC,1424704,0.07382,12.02515961,0.07377,0.82985525,2022-12-11T22:54:53.791863400Z,2022-12-11T22:54:53.723621Z
0a64c5a8-f3d2-4a64-ba85-72866df08115,QUOTE_COINBASE_SPOT_ETH_BTC,1424706,0.07381,0.83,0.07377,0.82985525,2022-12-11T22:54:54.483857200Z,2022-12-11T22:54:54.416463Z
ec891442-2411-42d0-8921-3d3bcd8339ff,QUOTE_COINBASE_SPOT_ETH_BTC,1424709,0.07381,0.83,0.07376,17.08175523,2022-12-11T22:54:55.058156300Z,2022-12-11T22:54:54.990526Z
7465b3aa-1d41-479d-9d61-0bd8a8b964ad,QUOTE_COINBASE_SPOT_ETH_BTC,1424710,0.07381,2.13,0.07376,17.08175523,2022-12-11T22:54:56.688452200Z,2022-12-11T22:54:56.620705Z
c4c38cc5-bb12-4864-881b-5c5a61e6d224,QUOTE_COINBASE_SPOT_ETH_BTC,1424711,0.0738,1.5,0.07376,17.08175523,2022-12-11T22:54:56.730104Z,2022-12-11T22:54:56.662045Z
b8aa018e-0ffd-48ad-a452-80d2cad7c8c8,QUOTE_COINBASE_SPOT_ETH_BTC,1424713,0.0738,2.8,0.07376,16.25175523,2022-12-11T22:54:59.913062400Z,2022-12-11T22:54:59.844871Z
d00d4cdf-16a3-4ac1-b420-30b5764ba38d,QUOTE_COINBASE_SPOT_ETH_BTC,1424716,0.0738,1.5,0.07376,16.33175523,2022-12-11T22:55:00.460522700Z,2022-12-11T22:55:00.393182Z
312b4102-13d4-4493-9c0b-2f7e0b54ace3,QUOTE_COINBASE_SPOT_ETH_BTC,1424717,0.0738,1.5,0.07376,15.50175523,2022-12-11T22:55:01.828777500Z,2022-12-11T22:55:01.758977Z
71b4ac68-b7de-4a46-a666-27eca747c147,QUOTE_COINBASE_SPOT_ETH_BTC,1424718,0.0738,1.5,0.07376,15.66149824,2022-12-11T22:55:09.834420Z,2022-12-11T22:55:09.764499Z
7173ab8a-3275-4d63-b67b-ee5b727ecdde,QUOTE_COINBASE_SPOT_ETH_BTC,1424722,0.0738,2.8,0.07376,0.55959915,2022-12-11T22:55:10.582745100Z,2022-12-11T22:55:10.514765Z
a82bef48-1590-4068-adb7-47fc6e6a6355,QUOTE_COINBASE_SPOT_ETH_BTC,1424724,0.0738,2.8,0.07375,13.6702298,2022-12-11T22:55:10.711484100Z,2022-12-11T22:55:10.644008Z
0c80ce57-2966-4724-8766-d4d062bcdfd1,QUOTE_COINBASE_SPOT_ETH_BTC,1424725,0.0738,2.8,0.07375,12.43065408,2022-12-11T22:55:16.455690300Z,2022-12-11T22:55:16.372492Z
0890453b-79b4-48ad-b221-b54e7d38ca6c,QUOTE_COINBASE_SPOT_ETH_BTC,1424728,0.0738,5.45835767,0.07375,16.39155153,2022-12-11T22:55:18.521572700Z,2022-12-11T22:55:18.453899Z
ec0ff38f-1adb-4e8a-8ef3-ce8080b3776f,QUOTE_COINBASE_SPOT_ETH_BTC,1424731,0.0738,1.5,0.07376,0.83,2022-12-11T22:55:19.163862600Z,2022-12-11T22:55:19.096369Z
ece6771d-a8b6-4186-a5b3-0408ab393405,QUOTE_COINBASE_SPOT_ETH_BTC,1424733,0.0738,2.24,0.07376,1.58,2022-12-11T22:55:24.064038800Z,2022-12-11T22:55:23.996368Z
b92f93d1-0b16-4e4a-8970-3e96cd89dbb8,QUOTE_COINBASE_SPOT_ETH_BTC,1424735,0.0738,2.24,0.07376,2.13499148,2022-12-11T22:55:25.088047Z,2022-12-11T22:55:25.020717Z
43132ae2-79d2-419e-a3a7-20b486c9caf0,QUOTE_COINBASE_SPOT_ETH_BTC,1424738,0.0738,2.24,0.07376,15.59518863,2022-12-11T22:55:26.694168600Z,2022-12-11T22:55:26.610896Z
bb5f5dae-7e00-4da1-aecc-2155fff32a8b,QUOTE_COINBASE_SPOT_ETH_BTC,1424739,0.0738,1.5,0.07376,15.59518863,2022-12-11T22:55:30.221728700Z,2022-12-11T22:55:30.154195Z
2b6f1fb9-85dd-4c64-b1cd-894283c2699b,QUOTE_COINBASE_SPOT_ETH_BTC,1424742,0.0738,1.5,0.07377,2.24,2022-12-11T22:55:39.427283900Z,2022-12-11T22:55:39.357834Z
3387c7a0-efcd-455b-882c-02779f5e403e,QUOTE_COINBASE_SPOT_ETH_BTC,1424744,0.07381,1.50034436,0.07377,6.19920623,2022-12-11T22:55:51.614108800Z,2022-12-11T22:55:51.546069Z
d7e34205-c185-498f-a223-80b5e51b5b1f,QUOTE_COINBASE_SPOT_ETH_BTC,1424747,0.07381,1.50034436,0.07378,0.75,2022-12-11T22:55:57.379645200Z,2022-12-11T22:55:57.312001Z
b3882623-9cd1-44fb-a797-be37e86f2c22,QUOTE_COINBASE_SPOT_ETH_BTC,1424749,0.07381,0.00034436,0.07378,1.58,2022-12-11T22:55:58.281261400Z,2022-12-11T22:55:58.213760Z
e8d7791b-2f6b-4834-bf61-87cbbc63b207,QUOTE_COINBASE_SPOT_ETH_BTC,1424751,0.07381,0.00034436,0.07379,0.75,2022-12-11T22:55:59.396266Z,2022-12-11T22:55:59.326937Z
e93262ca-85d7-4229-9a18-17a067e7d426,QUOTE_COINBASE_SPOT_ETH_BTC,1424753,0.07381,0.00034436,0.07379,0.75,2022-12-11T22:56:10.742942800Z,2022-12-11T22:56:10.674864Z
585f921c-71e2-4870-8d35-8b83a31b6e18,QUOTE_COINBASE_SPOT_ETH_BTC,1424755,0.07381,0.00034436,0.07379,0.75,2022-12-11T22:56:14.907755800Z,2022-12-11T22:56:14.834922Z
00dff367-976d-4cfe-b42e-9f1feb11de95,QUOTE_COINBASE_SPOT_ETH_BTC,1424756,0.07382,1.5,0.07379,0.75,2022-12-11T22:56:15.829517400Z,2022-12-11T22:56:15.761860Z
38f3f52b-0381-475c-88fb-afea042328e8,QUOTE_COINBASE_SPOT_ETH_BTC,1424757,0.07382,1.5,0.07379,4.70864277,2022-12-11T22:56:17.227489Z,2022-12-11T22:56:17.160093Z
91664160-d853-41d5-ac77-878c9d4d77e5,QUOTE_COINBASE_SPOT_ETH_BTC,1424759,0.07383,2.33,0.07379,4.70864277,2022-12-11T22:56:21.176037600Z,2022-12-11T22:56:21.108480Z
00d480af-aef6-4556-bef4-e76ede22fee1,QUOTE_COINBASE_SPOT_ETH_BTC,1424760,0.07383,2.33,0.07379,6.20864277,2022-12-11T22:56:21.308171700Z,2022-12-11T22:56:21.240005Z
0e90029a-fa39-4ae4-8c34-1b9f42746f0a,QUOTE_COINBASE_SPOT_ETH_BTC,1424762,0.07383,2.33,0.0738,0.75,2022-12-11T22:56:24.079481500Z,2022-12-11T22:56:24.011696Z
9824d101-74c4-4a0c-846c-0e66a99a717a,QUOTE_COINBASE_SPOT_ETH_BTC,1424763,0.07383,1.5,0.0738,0.75,2022-12-11T22:56:24.665200100Z,2022-12-11T22:56:24.597685Z
f0004340-0d55-4d2f-95f1-7345dadc54fd,QUOTE_COINBASE_SPOT_ETH_BTC,1424766,0.07384,15.96793597,0.0738,2.25,2022-12-11T22:56:31.152370Z,2022-12-11T22:56:31.084767Z
262be195-c6f4-4d23-9b4c-fd7f8283115c,QUOTE_COINBASE_SPOT_ETH_BTC,1424767,0.07384,15.57861555,0.0738,2.25,2022-12-11T22:56:31.283460100Z,2022-12-11T22:56:31.215878Z
1653c706-eec6-4699-aa22-910d9056890f,QUOTE_COINBASE_SPOT_ETH_BTC,1424768,0.07384,15.57861555,0.0738,6.20789577,2022-12-11T22:56:31.842274800Z,2022-12-11T22:56:31.772784Z
7d0d0fe3-a623-494d-a0a2-7e563b9e3672,QUOTE_COINBASE_SPOT_ETH_BTC,1424769,0.07384,15.57861555,0.0738,6.60283253,2022-12-11T22:56:35.884384500Z,2022-12-11T22:56:35.815707Z
750a27c2-b5c6-4680-b24c-28324a27f526,QUOTE_COINBASE_SPOT_ETH_BTC,1424770,0.07384,15.57861555,0.0738,6.20789577,2022-12-11T22:56:36.701895800Z,2022-12-11T22:56:36.634301Z
0e9f9b29-9a30-4a4c-acbe-750391d79d7c,QUOTE_COINBASE_SPOT_ETH_BTC,1424771,0.07384,15.98217659,0.0738,6.20789577,2022-12-11T22:56:37.008321400Z,2022-12-11T22:56:36.940256Z
ddfa63dc-13d6-48c4-b3e2-84bbc80faef3,QUOTE_COINBASE_SPOT_ETH_BTC,1424772,0.07384,7.98217659,0.0738,6.20789577,2022-12-11T22:56:37.841772900Z,2022-12-11T22:56:37.774453Z
2dcf034f-6db2-4abc-b844-bc003f0767b3,QUOTE_COINBASE_SPOT_ETH_BTC,1424779,0.07384,4.49861555,0.07381,0.75,2022-12-11T22:56:41.013945700Z,2022-12-11T22:56:40.945820Z
977e4b4c-d08d-4b8f-8bec-fff1e50cc0ef,QUOTE_COINBASE_SPOT_ETH_BTC,1424780,0.07384,4.49861555,0.07381,4.70684631,2022-12-11T22:56:43.728105100Z,2022-12-11T22:56:43.659689Z
512fe412-9f5a-443b-a155-27a017088ecb,QUOTE_COINBASE_SPOT_ETH_BTC,1424782,0.07384,4.49861555,0.07382,1,2022-12-11T22:56:44.624274Z,2022-12-11T22:56:44.555788Z
ed5a6eba-5630-4753-b3af-18a74c01d5d7,QUOTE_COINBASE_SPOT_ETH_BTC,1424784,0.07384,4.49861555,0.07381,1.75,2022-12-11T22:56:45.652007300Z,2022-12-11T22:56:45.583446Z
aed70084-df89-4f30-a652-67a99d68fb70,QUOTE_COINBASE_SPOT_ETH_BTC,1424785,0.07384,4.49861555,0.07382,1,2022-12-11T22:56:47.015501700Z,2022-12-11T22:56:46.947552Z
06b45436-aa28-4f49-8ab2-5d657564307c,QUOTE_COINBASE_SPOT_ETH_BTC,1424787,0.07384,4.49861555,0.07381,1.75,2022-12-11T22:56:47.345200700Z,2022-12-11T22:56:47.277434Z
06df0992-c105-4a70-b10f-1a4ae0aebfa0,QUOTE_COINBASE_SPOT_ETH_BTC,1424788,0.07384,4.49861555,0.07382,1,2022-12-11T22:56:48.351124500Z,2022-12-11T22:56:48.280917Z
0c07d71d-32a3-47fc-b6bb-9ecb7cdf26fe,QUOTE_COINBASE_SPOT_ETH_BTC,1424793,0.07385,3.07,0.07381,1.75,2022-12-11T22:56:49.178449200Z,2022-12-11T22:56:49.107048Z
68745f7e-21c6-4dc4-a628-5d40a4900fa2,QUOTE_COINBASE_SPOT_ETH_BTC,1424794,0.07385,3.07,0.07382,1,2022-12-11T22:56:49.372374600Z,2022-12-11T22:56:49.304405Z
847362bb-2dbb-4bd0-a57f-93281982beb5,QUOTE_COINBASE_SPOT_ETH_BTC,1424796,0.07385,3.07,0.07381,1.75,2022-12-11T22:56:50.750077700Z,2022-12-11T22:56:50.680739Z
66dfead2-66b5-4711-9914-70933727af83,QUOTE_COINBASE_SPOT_ETH_BTC,1424797,0.07385,3.07,0.07382,1,2022-12-11T22:56:53.769897500Z,2022-12-11T22:56:53.702018Z
a0616c23-c7a1-4b2c-8cc4-2e896dddcb9b,QUOTE_COINBASE_SPOT_ETH_BTC,1424799,0.07385,1.5,0.07382,1,2022-12-11T22:56:55.547252200Z,2022-12-11T22:56:55.478489Z
50dd6545-b8c2-4814-afe4-92f74cb803c1,QUOTE_COINBASE_SPOT_ETH_BTC,1424800,0.07386,11.64146821,0.07382,1,2022-12-11T22:56:56.670766300Z,2022-12-11T22:56:56.603521Z
8f75bc32-889a-4aa1-b648-23dfa6338c9f,QUOTE_COINBASE_SPOT_ETH_BTC,1424801,0.07386,12.94146821,0.07382,1,2022-12-11T22:56:57.249537100Z,2022-12-11T22:56:57.181640Z
bd493008-bb2c-4da6-a63c-3da275639c7d,QUOTE_COINBASE_SPOT_ETH_BTC,1424802,0.07386,12.94146821,0.07382,1.75,2022-12-11T22:56:59.402014300Z,2022-12-11T22:56:59.329125Z
b68fea71-8493-41c8-92f3-7abf168ce8b4,QUOTE_COINBASE_SPOT_ETH_BTC,1424803,0.07385,1.5,0.07382,1.75,2022-12-11T22:57:00.154493200Z,2022-12-11T22:57:00.086789Z
1a4c9a60-e2b8-41c0-b6ce-928341f95f5b,QUOTE_COINBASE_SPOT_ETH_BTC,1424804,0.07385,1.5,0.07383,1,2022-12-11T22:57:03.647557400Z,2022-12-11T22:57:03.579694Z
fc9ad560-7845-434f-9a29-61922c90f704,QUOTE_COINBASE_SPOT_ETH_BTC,1424806,0.07385,1.5,0.07382,1.75,2022-12-11T22:57:04.427232100Z,2022-12-11T22:57:04.359033Z
cea439ae-569e-4c95-a761-ebb8ebf68d8e,QUOTE_COINBASE_SPOT_ETH_BTC,1424807,0.07385,1.5,0.07382,0.75,2022-12-11T22:57:05.457716600Z,2022-12-11T22:57:05.390080Z
ecd2d4f8-40fe-4326-927a-874861eb5bab,QUOTE_COINBASE_SPOT_ETH_BTC,1424808,0.07385,1.5,0.07382,1.75,2022-12-11T22:57:09.597570500Z,2022-12-11T22:57:09.529513Z
c1df9abe-95ff-4924-9b81-054ff4dc8efc,QUOTE_COINBASE_SPOT_ETH_BTC,1424812,0.07386,11.64146821,0.07383,1.5,2022-12-11T22:57:13.652128Z,2022-12-11T22:57:13.583634Z
527792e8-d262-4147-bb58-bbac30e09424,QUOTE_COINBASE_SPOT_ETH_BTC,1424814,0.07386,11.64146821,0.07382,1.75,2022-12-11T22:57:16.832226300Z,2022-12-11T22:57:16.763499Z
a77c3392-715b-48c3-b125-3aeaf681868d,QUOTE_COINBASE_SPOT_ETH_BTC,1424817,0.07385,1.5,0.07382,0.75,2022-12-11T22:57:17.639218900Z,2022-12-11T22:57:17.571404Z
7eabb832-2676-448e-84e9-aee119c5503e,QUOTE_COINBASE_SPOT_ETH_BTC,1424818,0.07385,1.5,0.07382,1.75,2022-12-11T22:57:18.656410400Z,2022-12-11T22:57:18.588519Z
7a6a4d51-08d6-4710-ad13-dfb6f96c4738,QUOTE_COINBASE_SPOT_ETH_BTC,1424819,0.07385,2.33,0.07382,1.75,2022-12-11T22:57:19.530473900Z,2022-12-11T22:57:19.461449Z
c00fc5e9-9ee6-4f61-9bdc-a776aed87672,QUOTE_COINBASE_SPOT_ETH_BTC,1424820,0.07385,2.33,0.07382,0.75,2022-12-11T22:57:19.680035500Z,2022-12-11T22:57:19.612230Z
f35cc8cc-eb21-4b3e-a7a2-d746f55716fe,QUOTE_COINBASE_SPOT_ETH_BTC,1424821,0.07385,1.5,0.07382,0.75,2022-12-11T22:57:23.997387600Z,2022-12-11T22:57:23.926419Z
fdd4c2cb-2463-4468-89c2-5e69d852b24e,QUOTE_COINBASE_SPOT_ETH_BTC,1424822,0.07385,1.5,0.07382,1.75,2022-12-11T22:57:24.786285700Z,2022-12-11T22:57:24.718429Z
c41863b9-5c02-4743-b469-3631b74a229d,QUOTE_COINBASE_SPOT_ETH_BTC,1424823,0.07385,1.5,0.07382,2.14933179,2022-12-11T22:57:26.704407600Z,2022-12-11T22:57:26.636516Z
949782eb-2c59-4453-b474-e63077be82b1,QUOTE_COINBASE_SPOT_ETH_BTC,1424824,0.07385,1.5,0.07383,1,2022-12-11T22:57:31.864224600Z,2022-12-11T22:57:31.796806Z
87507a57-c88a-4063-acba-90da1a877faa,QUOTE_COINBASE_SPOT_ETH_BTC,1424826,0.07385,1.5,0.07382,1.75,2022-12-11T22:57:33.433785900Z,2022-12-11T22:57:33.366112Z
10095568-8cdf-4ad3-8aa9-080828c6018b,QUOTE_COINBASE_SPOT_ETH_BTC,1424827,0.07385,1.5,0.07382,0.75,2022-12-11T22:57:38.039105400Z,2022-12-11T22:57:37.971651Z
38db8640-800a-4915-a17e-270123192d01,QUOTE_COINBASE_SPOT_ETH_BTC,1424830,0.07385,2.33,0.07382,0.75,2022-12-11T22:57:38.773732700Z,2022-12-11T22:57:38.706410Z
c8cb41bd-5a20-4d91-94e8-6e373112a700,QUOTE_COINBASE_SPOT_ETH_BTC,1424833,0.07385,2.33,0.07381,17.13034353,2022-12-11T22:57:39.401562Z,2022-12-11T22:57:39.333544Z
c4e689d1-925a-44b8-85a7-ff00917bf8c5,QUOTE_COINBASE_SPOT_ETH_BTC,1424834,0.07385,2.33,0.07381,16.13034353,2022-12-11T22:57:39.691314200Z,2022-12-11T22:57:39.623320Z
dc5fcce0-3378-4bf6-9486-0923292c8db6,QUOTE_COINBASE_SPOT_ETH_BTC,1424836,0.07385,1.5,0.07381,16.96034353,2022-12-11T22:57:40.336594800Z,2022-12-11T22:57:40.268868Z
f2d542d5-d9b0-40da-a08f-de0a69d26fab,QUOTE_COINBASE_SPOT_ETH_BTC,1424837,0.07385,1.5,0.07381,8.96034353,2022-12-11T22:57:42.175244400Z,2022-12-11T22:57:42.107769Z
1167db3e-cff5-4a5e-bbfe-68380a2d89f0,QUOTE_COINBASE_SPOT_ETH_BTC,1424849,0.07384,0.83,0.0738,1.13725096,2022-12-11T22:57:43.030563800Z,2022-12-11T22:57:42.941426Z
e42ed102-3fb9-4626-926e-251aedec6a0c,QUOTE_COINBASE_SPOT_ETH_BTC,1424851,0.07384,0.83,0.0738,1.13725096,2022-12-11T22:57:43.216933800Z,2022-12-11T22:57:43.149507Z
ab4a5aa7-b8d2-41cc-b280-eb3a08e9f3c1,QUOTE_COINBASE_SPOT_ETH_BTC,1424857,0.07385,16.80632219,0.07381,1.5,2022-12-11T22:57:48.015152800Z,2022-12-11T22:57:47.947131Z
b2e923dd-29f2-4dd4-8d91-8e9fd465ad1e,QUOTE_COINBASE_SPOT_ETH_BTC,1424858,0.07385,15.50632219,0.07381,1.5,2022-12-11T22:57:48.368221300Z,2022-12-11T22:57:48.299785Z
0983eba9-fefd-47d4-9c8d-90d71b956968,QUOTE_COINBASE_SPOT_ETH_BTC,1424859,0.07385,15.50632219,0.07381,2.25,2022-12-11T22:57:49.398899500Z,2022-12-11T22:57:49.330907Z
bdd53090-cb28-4ccf-ba29-c543b2423354,QUOTE_COINBASE_SPOT_ETH_BTC,1424860,0.07385,7.50632219,0.07381,2.25,2022-12-11T22:57:50.575260100Z,2022-12-11T22:57:50.507740Z
97ea990c-097e-4dbc-ba20-80c5fa01c3b5,QUOTE_COINBASE_SPOT_ETH_BTC,1424865,0.07385,5.92632219,0.07382,0.75,2022-12-11T22:57:51.455619400Z,2022-12-11T22:57:51.385049Z
4690e3e3-5524-41f7-bdfb-8b015e45bf2e,QUOTE_COINBASE_SPOT_ETH_BTC,1424866,0.07385,4.42632219,0.07382,0.75,2022-12-11T22:57:51.772504200Z,2022-12-11T22:57:51.698166Z
656b1630-29e8-4591-87d3-6dc0b9adcb25,QUOTE_COINBASE_SPOT_ETH_BTC,1424867,0.07385,5.25632219,0.07382,0.75,2022-12-11T22:57:53.614680700Z,2022-12-11T22:57:53.547285Z
514678a1-d647-49f0-89af-61123dcb8726,QUOTE_COINBASE_SPOT_ETH_BTC,1424868,0.07385,4.42632219,0.07382,0.75,2022-12-11T22:57:53.855413700Z,2022-12-11T22:57:53.787751Z
d30bd3a0-bea5-4357-aaf8-808c72c53ae7,QUOTE_COINBASE_SPOT_ETH_BTC,1424870,0.07385,6.75632219,0.07382,0.75,2022-12-11T22:57:54.484274600Z,2022-12-11T22:57:54.416022Z
21f40028-641c-4c4e-a90b-0aebb47c0d7d,QUOTE_COINBASE_SPOT_ETH_BTC,1424871,0.07385,5.25632219,0.07382,0.75,2022-12-11T22:57:59.066239600Z,2022-12-11T22:57:58.998244Z
459059ae-f4a0-41a6-9570-2c5ffb65eba4,QUOTE_COINBASE_SPOT_ETH_BTC,1424873,0.07385,5.25632219,0.07381,2.24,2022-12-11T22:57:59.396115800Z,2022-12-11T22:57:59.328361Z
99b54bd5-2771-41d9-b3d4-022d36de9a15,QUOTE_COINBASE_SPOT_ETH_BTC,1424875,0.07385,4.42632219,0.07381,3.07,2022-12-11T22:58:00.388296900Z,2022-12-11T22:58:00.310465Z
3949f78b-f4eb-4234-8890-9da9512eff83,QUOTE_COINBASE_SPOT_ETH_BTC,1424876,0.07385,5.25632219,0.07381,3.07,2022-12-11T22:58:04.103456100Z,2022-12-11T22:58:04.035247Z
c4342f6b-54fb-4a05-923b-e24da37b7322,QUOTE_COINBASE_SPOT_ETH_BTC,1424877,0.07385,6.75632219,0.07381,3.07,2022-12-11T22:58:04.610677600Z,2022-12-11T22:58:04.543073Z
1ad5020d-a5e8-4213-8df8-9758bd85e563,QUOTE_COINBASE_SPOT_ETH_BTC,1424879,0.07385,6.75632219,0.07381,3.07,2022-12-11T22:58:06.554864200Z,2022-12-11T22:58:06.487015Z
28de33f6-78d7-4e91-8bfd-d93b75f4b4b8,QUOTE_COINBASE_SPOT_ETH_BTC,1424880,0.07385,6.75632219,0.07381,2.24,2022-12-11T22:58:06.886554200Z,2022-12-11T22:58:06.818097Z
f13e57ba-d834-42db-8d4e-4c9fd4da7b63,QUOTE_COINBASE_SPOT_ETH_BTC,1424883,0.07384,1.5,0.07381,1.5,2022-12-11T22:58:07.581034200Z,2022-12-11T22:58:07.513492Z
493b1b4b-9aa9-415c-bc44-938c1d33d1bb,QUOTE_COINBASE_SPOT_ETH_BTC,1424884,0.07384,1.5,0.07381,2.25,2022-12-11T22:58:09.400688100Z,2022-12-11T22:58:09.332819Z
813a4619-3a41-49b9-9a73-26228fbec288,QUOTE_COINBASE_SPOT_ETH_BTC,1424886,0.07384,1.5,0.07381,2.25,2022-12-11T22:58:15.337026Z,2022-12-11T22:58:15.269470Z
198e791a-c9ac-4bbe-9c87-57b831c5cae4,QUOTE_COINBASE_SPOT_ETH_BTC,1424887,0.07384,2.33,0.07381,2.25,2022-12-11T22:58:16.984699300Z,2022-12-11T22:58:16.917255Z
425a272c-dfa2-43a3-8b9c-d1e5de5d9934,QUOTE_COINBASE_SPOT_ETH_BTC,1424890,0.07384,1.5,0.07382,0.75,2022-12-11T22:58:19.107451800Z,2022-12-11T22:58:19.037804Z
9169f956-c1c4-4f28-aec6-e61eb4c5d193,QUOTE_COINBASE_SPOT_ETH_BTC,1424894,0.07384,2.33,0.07381,0.74,2022-12-11T22:58:19.318560500Z,2022-12-11T22:58:19.248325Z
5324722c-1f3d-4422-8602-9ccdf0139779,QUOTE_COINBASE_SPOT_ETH_BTC,1424895,0.07384,1.5,0.07381,0.74,2022-12-11T22:58:22.137676500Z,2022-12-11T22:58:22.066999Z
566b9c08-b91e-4b52-a24d-4ae614edda0f,QUOTE_COINBASE_SPOT_ETH_BTC,1424899,0.07384,1.5,0.07382,0.75,2022-12-11T22:58:24.418821800Z,2022-12-11T22:58:24.350789Z
68ae396e-8838-4f00-839c-2028d53fcfa0,QUOTE_COINBASE_SPOT_ETH_BTC,1424901,0.07384,1.5,0.07382,0.75,2022-12-11T22:58:26.404125500Z,2022-12-11T22:58:26.332143Z
274dfa97-cb35-4f07-85c0-f05fa2a9f8a5,QUOTE_COINBASE_SPOT_ETH_BTC,1424903,0.07385,6.75632219,0.07382,0.75,2022-12-11T22:58:33.506708900Z,2022-12-11T22:58:33.398414Z
789aac44-6552-4418-9980-c5f30642d138,QUOTE_COINBASE_SPOT_ETH_BTC,1424908,0.07384,1.5,0.0738,3.2396787,2022-12-11T22:58:37.592736300Z,2022-12-11T22:58:37.524777Z
8d834e93-4035-4c34-b73c-662e9af2ff43,QUOTE_COINBASE_SPOT_ETH_BTC,1424909,0.07384,1.5,0.0738,3.62564728,2022-12-11T22:58:43.022954200Z,2022-12-11T22:58:42.954945Z
fbe26e35-961b-4157-9806-8c5f66c1e5dd,QUOTE_COINBASE_SPOT_ETH_BTC,1424910,0.07384,2.33,0.0738,3.62564728,2022-12-11T22:58:46.008922300Z,2022-12-11T22:58:45.941523Z
df6815d9-dbcd-4468-b96d-4ebd9ebb0b3a,QUOTE_COINBASE_SPOT_ETH_BTC,1424911,0.07384,2.33,0.0738,2.79564728,2022-12-11T22:58:46.657933100Z,2022-12-11T22:58:46.589988Z
883791e4-2d39-4480-839b-4fa71dd0786a,QUOTE_COINBASE_SPOT_ETH_BTC,1424912,0.07384,2.33,0.0738,2.04564728,2022-12-11T22:58:47.297978Z,2022-12-11T22:58:47.230492Z
0b9bf1a1-bb54-4f5b-9ec8-38539606182c,QUOTE_COINBASE_SPOT_ETH_BTC,1424913,0.07384,2.33,0.0738,1.6596787,2022-12-11T22:58:47.822838700Z,2022-12-11T22:58:47.755010Z
75f71827-befd-4466-b82e-18f329667f4b,QUOTE_COINBASE_SPOT_ETH_BTC,1424914,0.07384,2.33,0.07381,0.75,2022-12-11T22:58:52.986977800Z,2022-12-11T22:58:52.913636Z
b798d7a8-ed0c-465a-b9c3-570ba042b597,QUOTE_COINBASE_SPOT_ETH_BTC,1424915,0.07384,1.5,0.07381,0.75,2022-12-11T22:58:56.300899400Z,2022-12-11T22:58:56.233665Z
7ad1aa73-6624-4500-a64a-dd4cdd0af1ce,QUOTE_COINBASE_SPOT_ETH_BTC,1424916,0.07384,2.33,0.07381,0.75,2022-12-11T22:58:59.344701400Z,2022-12-11T22:58:59.275864Z
59fff500-5ae2-43ac-8e7d-9466cd68ea7e,QUOTE_COINBASE_SPOT_ETH_BTC,1424924,0.07382,1.5,0.0738,0.74,2022-12-11T22:59:02.444722700Z,2022-12-11T22:59:02.375695Z
403410eb-56e9-4bdb-bea2-dbe72c70c202,QUOTE_COINBASE_SPOT_ETH_BTC,1424925,0.07382,1.4991564,0.0738,0.74,2022-12-11T22:59:06.098160300Z,2022-12-11T22:59:06.028956Z
53272084-34a8-43f1-926e-af6ef9feabf2,QUOTE_COINBASE_SPOT_ETH_BTC,1424927,0.07382,1.4991564,0.07379,10.24,2022-12-11T22:59:09.415206Z,2022-12-11T22:59:09.346912Z
c6a87bdc-5f39-46d9-9750-8362855f9fc4,QUOTE_COINBASE_SPOT_ETH_BTC,1424929,0.07382,1.4991564,0.07379,10.24,2022-12-11T22:59:11.530234900Z,2022-12-11T22:59:11.461769Z
02612e5c-2893-48b0-800f-a74830c92a97,QUOTE_COINBASE_SPOT_ETH_BTC,1424931,0.07382,1.4991564,0.07379,2.24,2022-12-11T22:59:13.146011400Z,2022-12-11T22:59:13.078445Z
3207869b-ad45-42c7-86a9-d079b38ffb33,QUOTE_COINBASE_SPOT_ETH_BTC,1424934,0.07383,1.5,0.07379,3.07,2022-12-11T22:59:17.757499600Z,2022-12-11T22:59:17.689628Z
a35c4d13-659e-4505-89da-e7538fd2c86b,QUOTE_COINBASE_SPOT_ETH_BTC,1424935,0.07383,1.5,0.07379,11.07,2022-12-11T22:59:18.184131300Z,2022-12-11T22:59:18.114848Z
c67b8af8-9b03-4cf7-b270-b0427666c917,QUOTE_COINBASE_SPOT_ETH_BTC,1424937,0.07383,1.5,0.0738,0.75,2022-12-11T22:59:20.233000900Z,2022-12-11T22:59:20.165369Z
a63b0b1d-7606-41c6-9fde-61a9fac108e3,QUOTE_COINBASE_SPOT_ETH_BTC,1424941,0.07384,8.12206754,0.07381,0.74,2022-12-11T22:59:22.043245400Z,2022-12-11T22:59:21.975674Z
da6d2267-9e8f-4804-b4f3-885b61662a2a,QUOTE_COINBASE_SPOT_ETH_BTC,1424942,0.07384,7.29206754,0.07381,0.74,2022-12-11T22:59:24.618171500Z,2022-12-11T22:59:24.550783Z
ecb473ed-1552-4059-b3b8-aefc36a16f92,QUOTE_COINBASE_SPOT_ETH_BTC,1424943,0.07384,7.29206754,0.07381,2.24,2022-12-11T22:59:25.469442400Z,2022-12-11T22:59:25.396475Z
73b59005-ebae-4424-8448-414312c8e9d5,QUOTE_COINBASE_SPOT_ETH_BTC,1424944,0.07384,5.79206754,0.07381,2.24,2022-12-11T22:59:25.729121600Z,2022-12-11T22:59:25.661399Z
04aa4336-e115-4e9c-b19f-2d0556c29d7b,QUOTE_COINBASE_SPOT_ETH_BTC,1424945,0.07384,7.29206754,0.07381,2.24,2022-12-11T22:59:26.280681800Z,2022-12-11T22:59:26.192336Z
d9285b3b-5db4-49f8-8a9e-0e1def709038,QUOTE_COINBASE_SPOT_ETH_BTC,1424946,0.07384,8.12206754,0.07381,2.24,2022-12-11T22:59:38.026825800Z,2022-12-11T22:59:37.911970Z
d0165f32-678c-4004-ab35-d66ac557cc52,QUOTE_COINBASE_SPOT_ETH_BTC,1424948,0.07384,1.5,0.07381,2.24,2022-12-11T22:59:41.156411800Z,2022-12-11T22:59:41.068684Z
d042395e-e05d-408c-a3fc-eb38585eb040,QUOTE_COINBASE_SPOT_ETH_BTC,1424950,0.07384,2.33,0.07381,0.74,2022-12-11T22:59:42.188291500Z,2022-12-11T22:59:42.112892Z
4056ad51-6d77-4247-8853-349a31a7e098,QUOTE_COINBASE_SPOT_ETH_BTC,1424956,0.07383,0.83,0.0738,0.75,2022-12-11T22:59:42.286515900Z,2022-12-11T22:59:42.212188Z
0dce5dfc-cb13-4550-be09-1d54239dd1a8,QUOTE_COINBASE_SPOT_ETH_BTC,1424959,0.07384,4.37,0.0738,0.75,2022-12-11T22:59:44.413403100Z,2022-12-11T22:59:44.345805Z
ff5126c5-5d76-41d4-acea-75fea38057bc,QUOTE_COINBASE_SPOT_ETH_BTC,1424960,0.07384,3.07,0.0738,0.75,2022-12-11T22:59:46.841049200Z,2022-12-11T22:59:46.771749Z
db87fbc1-3723-44b8-8e72-7df4ef691589,QUOTE_COINBASE_SPOT_ETH_BTC,1424962,0.07383,0.83,0.0738,0.75,2022-12-11T22:59:47.598898700Z,2022-12-11T22:59:47.529638Z
8ed39b66-0be0-4dfb-ab38-8a4bb9573f09,QUOTE_COINBASE_SPOT_ETH_BTC,1424964,0.07383,0.83,0.07379,10.63895389,2022-12-11T22:59:49.418089600Z,2022-12-11T22:59:49.349040Z
3b07e7b6-0fad-4650-9899-c7a2cfe8b0ff,QUOTE_COINBASE_SPOT_ETH_BTC,1424965,0.07383,2.13,0.07379,10.63895389,2022-12-11T22:59:50.957192900Z,2022-12-11T22:59:50.889099Z
dba70833-6871-475a-9662-6940b2e4d8ab,QUOTE_COINBASE_SPOT_ETH_BTC,1424966,0.07383,2.13,0.07379,10.25,2022-12-11T22:59:51.322836400Z,2022-12-11T22:59:51.255004Z
848eca2c-fc0c-4d1d-a3ed-ff536d699c72,QUOTE_COINBASE_SPOT_ETH_BTC,1424967,0.07383,2.13,0.07379,11.48193465,2022-12-11T22:59:51.973405800Z,2022-12-11T22:59:51.904915Z
f3814488-e26a-4652-957c-f926ad9448fd,QUOTE_COINBASE_SPOT_ETH_BTC,1424968,0.07383,0.83,0.07379,11.48193465,2022-12-11T22:59:52.964356Z,2022-12-11T22:59:52.887784Z
daa0421a-dfd7-46b8-95f1-bd97bc5c73a6,QUOTE_COINBASE_SPOT_ETH_BTC,1424969,0.07383,0.83,0.07379,10.25,2022-12-11T22:59:53.555143Z,2022-12-11T22:59:53.487476Z
fa863a9a-b961-445a-bd0f-bc092b6967c5,QUOTE_COINBASE_SPOT_ETH_BTC,1424972,0.07383,2.13,0.07379,0.75,2022-12-11T22:59:56.660931600Z,2022-12-11T22:59:56.593202Z
cd812633-2acb-492f-88fb-93742731ca6b,QUOTE_COINBASE_SPOT_ETH_BTC,1424973,0.07383,2.13,0.07379,2.25,2022-12-11T22:59:56.916339100Z,2022-12-11T22:59:56.848264Z
66aa98d8-0a07-448a-8888-b3e843bce085,QUOTE_COINBASE_SPOT_ETH_BTC,1424974,0.07383,0.83,0.07379,2.25,2022-12-11T22:59:57.578510100Z,2022-12-11T22:59:57.510836Z
7bdf90b0-825f-4b39-83bb-6f3aee953508,QUOTE_COINBASE_SPOT_ETH_BTC,1424975,0.07383,1.57,0.07379,2.25,2022-12-11T22:59:59.404626200Z,2022-12-11T22:59:59.336842Z
f872745a-31bf-4b35-baf7-3b06e0a109ef,QUOTE_COINBASE_SPOT_ETH_BTC,1424976,0.07383,2.87,0.07379,2.25,2022-12-11T23:00:00.220079700Z,2022-12-11T23:00:00.149893Z
4b9e4b6f-37f0-4a8a-b691-f52f28dd9ce9,QUOTE_COINBASE_SPOT_ETH_BTC,1424978,0.07383,0.74,0.07379,3.08,2022-12-11T23:00:01.344384Z,2022-12-11T23:00:01.276885Z
d46078a1-e3a3-45d1-b3ea-93d355f58f6f,QUOTE_COINBASE_SPOT_ETH_BTC,1424983,0.07384,12.76836329,0.0738,0.74,2022-12-11T23:00:02.446494600Z,2022-12-11T23:00:02.377804Z
b7c2c47d-df4c-4258-a8a8-f8fc59861ae7,QUOTE_COINBASE_SPOT_ETH_BTC,1424991,0.07383,2.88,0.07379,0.75,2022-12-11T23:00:04.198317400Z,2022-12-11T23:00:04.130685Z
b16d0c84-6261-4c75-b22d-5a0cace531c7,QUOTE_COINBASE_SPOT_ETH_BTC,1425003,0.07381,1.57,0.07377,0.75,2022-12-11T23:00:04.686380900Z,2022-12-11T23:00:04.616518Z
cdcb9a9c-64b3-4b0e-95a7-6732e2969207,QUOTE_COINBASE_SPOT_ETH_BTC,1425006,0.07381,1.57,0.07377,2.25,2022-12-11T23:00:05.088740300Z,2022-12-11T23:00:05.020785Z
91b0f984-aedf-4353-a497-bc9e408d5ed5,QUOTE_COINBASE_SPOT_ETH_BTC,1425011,0.0738,0.74,0.07376,4.1868,2022-12-11T23:00:05.556104800Z,2022-12-11T23:00:05.487378Z
e1f4c677-db61-426a-8db3-e5f3d29d216f,QUOTE_COINBASE_SPOT_ETH_BTC,1425014,0.0738,2.24,0.07376,4.1868,2022-12-11T23:00:05.835077300Z,2022-12-11T23:00:05.766023Z
36e5cd89-70b9-46e2-935c-0fc907729346,QUOTE_COINBASE_SPOT_ETH_BTC,1425022,0.0738,1.5,0.07378,1.57,2022-12-11T23:00:06.564779800Z,2022-12-11T23:00:06.449386Z
3a7fde7f-4046-4f38-877e-18993e97b95c,QUOTE_COINBASE_SPOT_ETH_BTC,1425025,0.0738,1.5,0.07379,0.74,2022-12-11T23:00:06.735318300Z,2022-12-11T23:00:06.666420Z
84df08d1-234f-4d0f-8de2-17d9198ad9f4,QUOTE_COINBASE_SPOT_ETH_BTC,1425036,0.07381,1.5,0.07378,0.75,2022-12-11T23:00:08.137698500Z,2022-12-11T23:00:08.068638Z
53ca6115-6976-498e-8eca-b4e79b158bda,QUOTE_COINBASE_SPOT_ETH_BTC,1425047,0.07381,1.5,0.07379,0.74,2022-12-11T23:00:08.384901Z,2022-12-11T23:00:08.309652Z
c4d48c21-835b-408d-8187-7870ac432d54,QUOTE_COINBASE_SPOT_ETH_BTC,1425050,0.07381,1.5,0.07378,0.75,2022-12-11T23:00:08.780142200Z,2022-12-11T23:00:08.712252Z
4dd8b7d9-df52-4cd0-85aa-40932ac0e417,QUOTE_COINBASE_SPOT_ETH_BTC,1425064,0.07382,2.3302993,0.07378,0.74,2022-12-11T23:00:09.671832Z,2022-12-11T23:00:09.600888Z
1395a749-a984-4182-9aeb-72b85de5462f,QUOTE_COINBASE_SPOT_ETH_BTC,1425078,0.07382,1.5002993,0.07378,1.57,2022-12-11T23:00:10.070035700Z,2022-12-11T23:00:09.998290Z
41d00c68-b477-4619-bea6-e936076ba37a,QUOTE_COINBASE_SPOT_ETH_BTC,1425086,0.07382,21.190542,0.07378,1,2022-12-11T23:00:10.553462300Z,2022-12-11T23:00:10.480565Z
9acbdf95-a7db-45d5-8f2a-a14bf0f7990d,QUOTE_COINBASE_SPOT_ETH_BTC,1425099,0.07382,1.5002993,0.07379,0.74,2022-12-11T23:00:10.965012Z,2022-12-11T23:00:10.891231Z
0e6ef5f6-8b07-46d3-942b-1029f85cc78a,QUOTE_COINBASE_SPOT_ETH_BTC,1425100,0.07382,1.5002993,0.07379,1.74,2022-12-11T23:00:11.454017600Z,2022-12-11T23:00:11.386329Z
169fe91f-da70-448c-9ba8-f2eb01c6999b,QUOTE_COINBASE_SPOT_ETH_BTC,1425101,0.07382,1.5002993,0.07379,0.74,2022-12-11T23:00:11.741914300Z,2022-12-11T23:00:11.674304Z
4fd4204c-13a6-4b85-b472-3b546269336d,QUOTE_COINBASE_SPOT_ETH_BTC,1425105,0.07382,0.0002993,0.07379,1.74,2022-12-11T23:00:12.666150500Z,2022-12-11T23:00:12.597599Z
e92c7915-739a-4ffd-9eba-fd2aed4a0a72,QUOTE_COINBASE_SPOT_ETH_BTC,1425110,0.07382,0.0002993,0.0738,2.24,2022-12-11T23:00:13.166593400Z,2022-12-11T23:00:13.097191Z
00491987-2976-48af-a87b-d348b877d740,QUOTE_COINBASE_SPOT_ETH_BTC,1425113,0.07382,0.0002993,0.0738,3.24,2022-12-11T23:00:14.028843900Z,2022-12-11T23:00:13.961009Z
11d14e5d-b0f0-4d67-9a52-58e7f92ccc90,QUOTE_COINBASE_SPOT_ETH_BTC,1425115,0.07382,0.0002993,0.0738,3.24,2022-12-11T23:00:14.647578800Z,2022-12-11T23:00:14.580296Z
b6a575f4-1709-4849-a57b-f1681bd471d8,QUOTE_COINBASE_SPOT_ETH_BTC,1425117,0.07382,0.0002993,0.07381,0.74,2022-12-11T23:00:14.898769400Z,2022-12-11T23:00:14.831031Z
4c6c4b8a-98b6-4917-a2d1-10943391f392,QUOTE_COINBASE_SPOT_ETH_BTC,1425121,0.07382,0.0002993,0.07379,4.2604816,2022-12-11T23:00:15.683566800Z,2022-12-11T23:00:15.613007Z
e70cb88a-669d-4399-a97e-39dcb93a3bfa,QUOTE_COINBASE_SPOT_ETH_BTC,1425126,0.07382,0.0002993,0.07379,4.3304816,2022-12-11T23:00:15.792657600Z,2022-12-11T23:00:15.719650Z
27ca306f-5099-4539-8c50-ff186f7c4bc9,QUOTE_COINBASE_SPOT_ETH_BTC,1425127,0.07382,0.0002993,0.07379,5.8304816,2022-12-11T23:00:16.329099200Z,2022-12-11T23:00:16.261028Z
4d265a66-06b5-4e81-b9f8-7ceab8e75224,QUOTE_COINBASE_SPOT_ETH_BTC,1425129,0.07382,0.0002993,0.0738,0.74,2022-12-11T23:00:16.928929100Z,2022-12-11T23:00:16.860974Z
6bba53ae-cf2b-4044-90eb-785c9550a4de,QUOTE_COINBASE_SPOT_ETH_BTC,1425130,0.07382,0.0002993,0.07379,4.2604816,2022-12-11T23:00:18.406487600Z,2022-12-11T23:00:18.338997Z
bfc8363b-247e-451b-a7b6-f4174bb8eb63,QUOTE_COINBASE_SPOT_ETH_BTC,1425132,0.07382,0.0002993,0.07379,4.2604816,2022-12-11T23:00:20.078830Z,2022-12-11T23:00:20.009603Z
518f02ff-f0ce-4fa1-899b-4b11fc4099ea,QUOTE_COINBASE_SPOT_ETH_BTC,1425136,0.07382,0.0002993,0.07379,6.0104816,2022-12-11T23:00:20.608224200Z,2022-12-11T23:00:20.540125Z
b6795e85-06ca-4b8c-b6b9-06aa0215231d,QUOTE_COINBASE_SPOT_ETH_BTC,1425137,0.07382,0.0002993,0.07379,6.8404816,2022-12-11T23:00:22.207414700Z,2022-12-11T23:00:22.137691Z
0ee41f42-1260-4701-bbb5-c1281781b09f,QUOTE_COINBASE_SPOT_ETH_BTC,1425139,0.07382,0.0002993,0.0738,2.5,2022-12-11T23:00:22.938738400Z,2022-12-11T23:00:22.870792Z
3a69e2c9-2398-483a-9a5e-bc108a768115,QUOTE_COINBASE_SPOT_ETH_BTC,1425140,0.07383,4.90134833,0.0738,2.5,2022-12-11T23:00:23.583781500Z,2022-12-11T23:00:23.513866Z
13d33e41-2771-452f-b356-1cd3db792af7,QUOTE_COINBASE_SPOT_ETH_BTC,1425143,0.07383,2.65134833,0.0738,3.25,2022-12-11T23:00:25.162859800Z,2022-12-11T23:00:25.092048Z
5fef3fb1-3142-4675-b694-13b200513dc4,QUOTE_COINBASE_SPOT_ETH_BTC,1425147,0.07384,17.16555387,0.0738,4.08,2022-12-11T23:00:25.673728900Z,2022-12-11T23:00:25.606100Z
0fd8b57c-05d2-44da-9ec1-61373f8d2485,QUOTE_COINBASE_SPOT_ETH_BTC,1425154,0.07384,17.99555387,0.07381,1,2022-12-11T23:00:26.168738Z,2022-12-11T23:00:26.098485Z
1512186f-3bb7-4699-8972-12f472114d03,QUOTE_COINBASE_SPOT_ETH_BTC,1425156,0.07384,9.16555387,0.07381,1,2022-12-11T23:00:27.028508Z,2022-12-11T23:00:26.961048Z
88d4f080-43b1-4c34-8f06-5df892bc1aa3,QUOTE_COINBASE_SPOT_ETH_BTC,1425161,0.07384,9.24555387,0.07381,1.75,2022-12-11T23:00:27.684572300Z,2022-12-11T23:00:27.616864Z
ad800577-87a7-4fb4-a784-f2e9f962cb4e,QUOTE_COINBASE_SPOT_ETH_BTC,1425173,0.07384,10.30700011,0.0738,3.07,2022-12-11T23:00:28.049420100Z,2022-12-11T23:00:27.982123Z
4a2ac350-620b-4222-b13c-c33842fc146d,QUOTE_COINBASE_SPOT_ETH_BTC,1425180,0.07384,3.06327455,0.07381,3.60112983,2022-12-11T23:00:28.534539600Z,2022-12-11T23:00:28.467074Z
be2892d5-f977-497e-b426-4e97de8b254b,QUOTE_COINBASE_SPOT_ETH_BTC,1425183,0.07384,3.06327455,0.07381,4.60112983,2022-12-11T23:00:29.052279Z,2022-12-11T23:00:28.978907Z
c1d696b1-1b9b-44d2-b14b-e696c206a981,QUOTE_COINBASE_SPOT_ETH_BTC,1425186,0.07384,3.06327455,0.07382,2.5,2022-12-11T23:00:29.530836700Z,2022-12-11T23:00:29.462630Z
e3852fc1-1bad-4ebc-9458-cd7f2ee9b1c7,QUOTE_COINBASE_SPOT_ETH_BTC,1425193,0.07386,6.53085359,0.07382,3.25,2022-12-11T23:00:30.141322400Z,2022-12-11T23:00:30.073877Z
4dead9cc-a0c8-42d2-a72b-05fb4c3bb13b,QUOTE_COINBASE_SPOT_ETH_BTC,1425194,0.07386,15.91984594,0.07382,3.25,2022-12-11T23:00:30.366224900Z,2022-12-11T23:00:30.294028Z
7cd5846e-37d1-410e-8f91-2dd7a4ae90f8,QUOTE_COINBASE_SPOT_ETH_BTC,1425197,0.07386,6.53085359,0.07382,1,2022-12-11T23:00:31.156917800Z,2022-12-11T23:00:31.086164Z
c2769911-6133-42b9-99ba-f589a35c6f24,QUOTE_COINBASE_SPOT_ETH_BTC,1425201,0.07386,7.28085359,0.07382,1.75,2022-12-11T23:00:31.314690900Z,2022-12-11T23:00:31.244827Z
c6d1b332-5247-46b1-bb99-2494e05a2b66,QUOTE_COINBASE_SPOT_ETH_BTC,1425202,0.07386,15.28085359,0.07382,1.75,2022-12-11T23:00:31.725078300Z,2022-12-11T23:00:31.655384Z
a26adb36-518a-4d7c-95ad-d2dfa2d4c717,QUOTE_COINBASE_SPOT_ETH_BTC,1425205,0.07386,14.45085359,0.07383,1,2022-12-11T23:00:32.311221200Z,2022-12-11T23:00:32.243569Z
2a449e61-40c4-4906-b543-0e9455da711e,QUOTE_COINBASE_SPOT_ETH_BTC,1425212,0.07386,0.40501539,0.07384,1,2022-12-11T23:00:34.174206300Z,2022-12-11T23:00:34.106498Z
66a616d3-b95d-4de0-ae38-0226d7dab38b,QUOTE_COINBASE_SPOT_ETH_BTC,1425216,0.07386,0.01234903,0.07383,3.93631774,2022-12-11T23:00:34.260644400Z,2022-12-11T23:00:34.192927Z
385c513a-7ede-453f-85ae-5bf9a7962c4f,QUOTE_COINBASE_SPOT_ETH_BTC,1425217,0.07386,0.01234903,0.07384,1,2022-12-11T23:00:35.276663600Z,2022-12-11T23:00:35.208789Z
08ed5f23-2b23-41a0-9b38-6d348634e957,QUOTE_COINBASE_SPOT_ETH_BTC,1425219,0.07386,0.01234903,0.07383,4.93631774,2022-12-11T23:00:40.715543500Z,2022-12-11T23:00:40.646266Z
905266d6-e6d9-477f-80ec-6ec6a1fee0e0,QUOTE_COINBASE_SPOT_ETH_BTC,1425220,0.07386,0.01234903,0.07384,1,2022-12-11T23:00:41.997726800Z,2022-12-11T23:00:41.929632Z
61425fa7-f77e-4ccb-817f-d894980dd455,QUOTE_COINBASE_SPOT_ETH_BTC,1425222,0.07386,0.01234903,0.07383,4.93631774,2022-12-11T23:00:43.060080700Z,2022-12-11T23:00:42.988886Z
bba73142-8047-4611-b529-d23ee4114607,QUOTE_COINBASE_SPOT_ETH_BTC,1425223,0.07386,0.01234903,0.07384,1,2022-12-11T23:00:44.130725500Z,2022-12-11T23:00:44.060064Z
76bb53b5-923b-4618-8992-3b43346d2ba4,QUOTE_COINBASE_SPOT_ETH_BTC,1425224,0.07386,0.01234903,0.07384,1.75,2022-12-11T23:00:44.329208800Z,2022-12-11T23:00:44.260733Z
07d46c52-3d3b-4f35-93c0-6aa6152fe65e,QUOTE_COINBASE_SPOT_ETH_BTC,1425227,0.07386,0.01234903,0.07385,1,2022-12-11T23:00:45.589286500Z,2022-12-11T23:00:45.519859Z
23c33a28-2adf-4e61-9ab7-d653764abf56,QUOTE_COINBASE_SPOT_ETH_BTC,1425228,0.07386,0.01234903,0.07384,0.75,2022-12-11T23:00:45.835371Z,2022-12-11T23:00:45.767318Z
fcff128a-15c9-40be-bf1b-206ec8a3c26e,QUOTE_COINBASE_SPOT_ETH_BTC,1425231,0.07386,0.01234903,0.07384,1,2022-12-11T23:00:46.716047300Z,2022-12-11T23:00:46.648252Z
a57a5372-cbe9-4110-8046-d4d4773e6e62,QUOTE_COINBASE_SPOT_ETH_BTC,1425234,0.07386,0.01234903,0.07383,4.94605131,2022-12-11T23:00:47.472963800Z,2022-12-11T23:00:47.404811Z
48f4267c-2c05-4516-a6b2-7c37c03f0017,QUOTE_COINBASE_SPOT_ETH_BTC,1425235,0.07386,0.01234903,0.07384,1,2022-12-11T23:00:48.952484600Z,2022-12-11T23:00:48.884422Z
5d5bc110-2a3b-4f0a-88e3-dc8482e94aeb,QUOTE_COINBASE_SPOT_ETH_BTC,1425237,0.07387,5.16682861,0.07384,1.75,2022-12-11T23:00:49.316718Z,2022-12-11T23:00:49.243008Z
39a61a8c-1e48-47af-b8e4-009446471dfc,QUOTE_COINBASE_SPOT_ETH_BTC,1425242,0.07387,2.90884979,0.07385,1,2022-12-11T23:00:50.119477400Z,2022-12-11T23:00:50.051553Z
874fd9a0-0cd1-4107-8fd7-e4b3d7ab0478,QUOTE_COINBASE_SPOT_ETH_BTC,1425243,0.07387,2.90884979,0.07385,1.75,2022-12-11T23:00:50.499486700Z,2022-12-11T23:00:50.428064Z
e9a0450f-0952-46fe-8e20-450f41ac037e,QUOTE_COINBASE_SPOT_ETH_BTC,1425244,0.07387,2.90884979,0.07386,1.00447979,2022-12-11T23:00:52.362434200Z,2022-12-11T23:00:52.295067Z
a8f52083-9bac-4fcb-8568-713029f6ceb9,QUOTE_COINBASE_SPOT_ETH_BTC,1425245,0.07388,1.5,0.07386,1.00447979,2022-12-11T23:00:53.849890200Z,2022-12-11T23:00:53.781899Z
53e3ec5a-f0dc-404d-a5db-c1ad55ae6d0c,QUOTE_COINBASE_SPOT_ETH_BTC,1425249,0.07389,14.15912786,0.07386,2.50447979,2022-12-11T23:00:55.082723Z,2022-12-11T23:00:54.984462Z
d12bb27e-f7c8-4445-a824-3e5bd082f2eb,QUOTE_COINBASE_SPOT_ETH_BTC,1425253,0.07389,11.82912786,0.07387,1.00447979,2022-12-11T23:00:56.161856900Z,2022-12-11T23:00:56.094051Z
44042341-fb7c-4db2-9a7d-8490f1494279,QUOTE_COINBASE_SPOT_ETH_BTC,1425256,0.07389,3.82912786,0.07386,2.51392386,2022-12-11T23:00:56.323994300Z,2022-12-11T23:00:56.256524Z
c756cb1f-57ba-4325-88d4-15d510461bb1,QUOTE_COINBASE_SPOT_ETH_BTC,1425259,0.0739,15.3867738,0.07387,1.03652979,2022-12-11T23:00:57.552990600Z,2022-12-11T23:00:57.483857Z
4abcaa4d-ad43-4e66-8900-ca7ef8a1d1b7,QUOTE_COINBASE_SPOT_ETH_BTC,1425266,0.0739,5.47264393,0.07386,1.50944407,2022-12-11T23:00:58.098828600Z,2022-12-11T23:00:58.031266Z
5420672f-6acb-4dc6-a260-e476ea3d75cf,QUOTE_COINBASE_SPOT_ETH_BTC,1425267,0.0739,5.47264393,0.07387,1.02499631,2022-12-11T23:00:59.108535300Z,2022-12-11T23:00:59.040119Z
2ec7cf99-359e-42e7-bcf3-56ffb4a3a4df,QUOTE_COINBASE_SPOT_ETH_BTC,1425268,0.0739,4.64264393,0.07387,1.02499631,2022-12-11T23:00:59.365247400Z,2022-12-11T23:00:59.297809Z
7598cf21-5c08-4983-99ca-8824238ea578,QUOTE_COINBASE_SPOT_ETH_BTC,1425269,0.0739,5.47264393,0.07387,1.02499631,2022-12-11T23:00:59.844351800Z,2022-12-11T23:00:59.776739Z
e59935e3-8b5d-4300-87f6-b0fdf8292b74,QUOTE_COINBASE_SPOT_ETH_BTC,1425273,0.07389,4.37333084,0.07386,2.25944407,2022-12-11T23:01:00.644118400Z,2022-12-11T23:01:00.576933Z
c7f953ef-b34e-4fb4-95df-f471dca16855,QUOTE_COINBASE_SPOT_ETH_BTC,1425276,0.0739,13.47264393,0.07386,1.50944407,2022-12-11T23:01:00.844117900Z,2022-12-11T23:01:00.774961Z
128fb037-d53f-4d4a-a218-8e9c62b554b8,QUOTE_COINBASE_SPOT_ETH_BTC,1425277,0.0739,17.84723882,0.07386,1.50944407,2022-12-11T23:01:01.268010200Z,2022-12-11T23:01:01.195521Z
572d5ad9-a766-4f04-8e54-c82c564da4fd,QUOTE_COINBASE_SPOT_ETH_BTC,1425278,0.0739,17.84723882,0.07386,2.50944407,2022-12-11T23:01:01.820252800Z,2022-12-11T23:01:01.750714Z
be05810b-b9bb-4049-987d-220411e70c4d,QUOTE_COINBASE_SPOT_ETH_BTC,1425279,0.0739,17.84723882,0.07387,1,2022-12-11T23:01:02.837744500Z,2022-12-11T23:01:02.768457Z
f180aa41-fc33-4a7b-9038-df45f23bbc85,QUOTE_COINBASE_SPOT_ETH_BTC,1425280,0.0739,17.84723882,0.07386,1.50944407,2022-12-11T23:01:04.241655700Z,2022-12-11T23:01:04.173962Z
d0012b18-9285-4720-a4af-d4ded63a94e4,QUOTE_COINBASE_SPOT_ETH_BTC,1425282,0.0739,17.84723882,0.07386,1.50944407,2022-12-11T23:01:05.543602Z,2022-12-11T23:01:05.476267Z
f8ede503-03f5-41dc-94d6-91a528d15d1d,QUOTE_COINBASE_SPOT_ETH_BTC,1425283,0.0739,18.90874201,0.07386,1.50944407,2022-12-11T23:01:06.052099800Z,2022-12-11T23:01:05.984850Z
c2da045b-363a-4c86-95c5-0e3b8c70d2a3,QUOTE_COINBASE_SPOT_ETH_BTC,1425284,0.0739,17.84723882,0.07386,1.50944407,2022-12-11T23:01:07.026415900Z,2022-12-11T23:01:06.941696Z
d9d74eb4-5c0b-42db-83c0-99c897f82bb7,QUOTE_COINBASE_SPOT_ETH_BTC,1425286,0.07389,0.83,0.07386,1.50944407,2022-12-11T23:01:07.313901Z,2022-12-11T23:01:07.232436Z
9c11ba01-b17c-4bb3-9066-2ec120b95fc7,QUOTE_COINBASE_SPOT_ETH_BTC,1425287,0.07389,5.20581112,0.07386,1.50944407,2022-12-11T23:01:08.172270400Z,2022-12-11T23:01:08.104342Z
a49e4ff1-6d95-4684-9668-11f466275d3e,QUOTE_COINBASE_SPOT_ETH_BTC,1425288,0.07389,5.20581112,0.07386,0.00944407,2022-12-11T23:01:09.158154500Z,2022-12-11T23:01:09.090664Z
1d4d1250-46d5-4a21-9938-803eb52d5e90,QUOTE_COINBASE_SPOT_ETH_BTC,1425290,0.07389,5.20581112,0.07386,0.00944407,2022-12-11T23:01:10.945026400Z,2022-12-11T23:01:10.875437Z
2406d6e3-df50-4cdc-bd0e-3d8325bf4fdc,QUOTE_COINBASE_SPOT_ETH_BTC,1425297,0.07389,7.6651005,0.07386,1.50944407,2022-12-11T23:01:12.605452400Z,2022-12-11T23:01:12.537490Z
1a6d1477-9487-4e11-a7b8-8b1728668df1,QUOTE_COINBASE_SPOT_ETH_BTC,1425298,0.07389,0.83,0.07386,1.50944407,2022-12-11T23:01:12.981955500Z,2022-12-11T23:01:12.913688Z
0d0e699e-be81-4d87-8e4b-56c4d86740de,QUOTE_COINBASE_SPOT_ETH_BTC,1425302,0.0739,5.47264393,0.07386,1.50944407,2022-12-11T23:01:13.370837400Z,2022-12-11T23:01:13.300713Z
7f592198-daca-4a66-9d40-bbf9d3d9bff5,QUOTE_COINBASE_SPOT_ETH_BTC,1425308,0.07389,0.83,0.07386,1.50944407,2022-12-11T23:01:14.150412Z,2022-12-11T23:01:14.082841Z
c80080c0-37e2-434f-98bf-417be12fc95d,QUOTE_COINBASE_SPOT_ETH_BTC,1425310,0.0739,5.47264393,0.07386,1.50944407,2022-12-11T23:01:14.521486500Z,2022-12-11T23:01:14.453794Z
0b77dce2-7495-46ed-877f-d8d6166648ca,QUOTE_COINBASE_SPOT_ETH_BTC,1425311,0.0739,5.47264393,0.07386,2.50944407,2022-12-11T23:01:14.741117200Z,2022-12-11T23:01:14.673269Z
f27b5d4f-75d7-44e8-a1b8-aba186c8210b,QUOTE_COINBASE_SPOT_ETH_BTC,1425312,0.0739,5.47264393,0.07386,1.50944407,2022-12-11T23:01:15.437407200Z,2022-12-11T23:01:15.366823Z
440dc2bb-9086-4e8c-aff7-06f3c4a18495,QUOTE_COINBASE_SPOT_ETH_BTC,1425315,0.0739,3.14264393,0.07386,2.33944407,2022-12-11T23:01:16.569114700Z,2022-12-11T23:01:16.501625Z
245138c7-4824-465c-b13a-9040c05545c2,QUOTE_COINBASE_SPOT_ETH_BTC,1425321,0.0739,3.14264393,0.07386,2.33944407,2022-12-11T23:01:17.111223300Z,2022-12-11T23:01:17.042487Z
5964d8e8-5e80-4df2-b18f-bfd6c59c85bb,QUOTE_COINBASE_SPOT_ETH_BTC,1425325,0.0739,3.14264393,0.07387,4.99772834,2022-12-11T23:01:18.653831300Z,2022-12-11T23:01:18.584582Z
521f5bbf-8c6e-4514-a813-09ebcd120e7d,QUOTE_COINBASE_SPOT_ETH_BTC,1425333,0.07393,5.27165914,0.07388,1.03242578,2022-12-11T23:01:19.045114Z,2022-12-11T23:01:18.924340Z
bdae19f4-6f4e-41ca-8f1a-d7fff7ab5def,QUOTE_COINBASE_SPOT_ETH_BTC,1425344,0.07392,0.83,0.07387,4.80028859,2022-12-11T23:01:19.582696800Z,2022-12-11T23:01:19.514952Z
ec9dd8ac-2c14-4a1d-a949-82d61023f0d4,QUOTE_COINBASE_SPOT_ETH_BTC,1425348,0.0739,0.83,0.07387,3.13511935,2022-12-11T23:01:20.667172500Z,2022-12-11T23:01:20.598606Z
5e6ffafc-82f4-4749-a806-144a98588910,QUOTE_COINBASE_SPOT_ETH_BTC,1425349,0.0739,2.33,0.07387,3.13511935,2022-12-11T23:01:20.686435400Z,2022-12-11T23:01:20.613631Z
54b6b573-8073-46b4-8efd-357317b24707,QUOTE_COINBASE_SPOT_ETH_BTC,1425354,0.0739,10.33,0.07386,3.90604773,2022-12-11T23:01:21.579152800Z,2022-12-11T23:01:21.509310Z
6af89eeb-9884-4bee-a345-18b51805f543,QUOTE_COINBASE_SPOT_ETH_BTC,1425356,0.07389,2.90213138,0.07386,3.90604773,2022-12-11T23:01:23.017515300Z,2022-12-11T23:01:22.947259Z
b64851a5-9a52-4e73-a175-4b106c0fa6d0,QUOTE_COINBASE_SPOT_ETH_BTC,1425359,0.07389,2.90213138,0.07386,0.00944407,2022-12-11T23:01:23.655836200Z,2022-12-11T23:01:23.588243Z
2152d90e-0116-428b-b923-2d63bab62840,QUOTE_COINBASE_SPOT_ETH_BTC,1425360,0.07389,3.95561621,0.07386,0.00944407,2022-12-11T23:01:24.038898300Z,2022-12-11T23:01:23.969857Z
41f43b97-d664-4734-9320-c53936a1a396,QUOTE_COINBASE_SPOT_ETH_BTC,1425361,0.07388,0.83,0.07386,0.00944407,2022-12-11T23:01:24.185290400Z,2022-12-11T23:01:24.117322Z
fd2ee319-84c2-4a0c-b423-7b05cd2e8981,QUOTE_COINBASE_SPOT_ETH_BTC,1425365,0.07388,0.83,0.07386,0.00944407,2022-12-11T23:01:25.186552900Z,2022-12-11T23:01:25.115747Z
50142a11-3de6-4e6e-8f19-4eb7e3db1b6a,QUOTE_COINBASE_SPOT_ETH_BTC,1425369,0.07389,3.73213138,0.07386,0.00944407,2022-12-11T23:01:25.873975500Z,2022-12-11T23:01:25.804913Z
7ac4477c-b303-448b-8ffd-a916ea56465b,QUOTE_COINBASE_SPOT_ETH_BTC,1425370,0.07389,2.90213138,0.07386,0.00944407,2022-12-11T23:01:27.064129300Z,2022-12-11T23:01:26.996612Z
76c2d411-8033-4ba3-bb2f-d65b24df78f7,QUOTE_COINBASE_SPOT_ETH_BTC,1425372,0.07389,2.90213138,0.07386,0.00944407,2022-12-11T23:01:28.112902Z,2022-12-11T23:01:28.045651Z
69cdfb05-cfd6-4678-8675-23785b8ba4f7,QUOTE_COINBASE_SPOT_ETH_BTC,1425378,0.07389,2.90213138,0.07386,4.51782914,2022-12-11T23:01:29.348007400Z,2022-12-11T23:01:29.280565Z
1d76931d-e722-4da1-9243-d5de85068bcb,QUOTE_COINBASE_SPOT_ETH_BTC,1425379,0.07389,2.90213138,0.07387,1,2022-12-11T23:01:29.767593Z,2022-12-11T23:01:29.700073Z
393dad50-eec0-493f-9736-f1907609091d,QUOTE_COINBASE_SPOT_ETH_BTC,1425384,0.07391,1.89896914,0.07388,1,2022-12-11T23:01:32.525443700Z,2022-12-11T23:01:32.457503Z
402bb89e-726d-4dfd-bc11-c35014b64517,QUOTE_COINBASE_SPOT_ETH_BTC,1425387,0.07391,1.5,0.07389,1.00184904,2022-12-11T23:01:33.093187100Z,2022-12-11T23:01:33.025837Z
afaeb770-9d89-4e20-a6c4-f5bc83ec1625,QUOTE_COINBASE_SPOT_ETH_BTC,1425391,0.07392,6.69352204,0.07389,1.00184904,2022-12-11T23:01:33.481796700Z,2022-12-11T23:01:33.413806Z
dd5c1334-fda0-4d7b-88f2-5a09e4725ecc,QUOTE_COINBASE_SPOT_ETH_BTC,1425393,0.07392,6.69352204,0.07388,2.50184904,2022-12-11T23:01:34.072997800Z,2022-12-11T23:01:34.001325Z
ffcb3b5f-8eda-4d60-b8ed-c9932d4f0cc5,QUOTE_COINBASE_SPOT_ETH_BTC,1425397,0.07392,2.91408119,0.0739,1.00184904,2022-12-11T23:01:34.644432700Z,2022-12-11T23:01:34.577072Z
0f88bfd6-f53f-484f-8bdd-8e4a6abee462,QUOTE_COINBASE_SPOT_ETH_BTC,1425399,0.07392,2.91408119,0.07391,1.06184904,2022-12-11T23:01:35.004372800Z,2022-12-11T23:01:34.935648Z
68579fb8-77a8-4dc6-8026-9e126bb38385,QUOTE_COINBASE_SPOT_ETH_BTC,1425402,0.07394,2.33,0.07391,1.06184904,2022-12-11T23:01:35.647633200Z,2022-12-11T23:01:35.577784Z
c6875afa-98cd-43d5-8ea1-d8fd513a5568,QUOTE_COINBASE_SPOT_ETH_BTC,1425405,0.07394,2.06319062,0.07391,1.06184904,2022-12-11T23:01:35.902988700Z,2022-12-11T23:01:35.835029Z
a19aabf0-dfb3-4b5d-b630-7a367bf83194,QUOTE_COINBASE_SPOT_ETH_BTC,1425406,0.07394,1.66096803,0.07391,1.06184904,2022-12-11T23:01:36.816566400Z,2022-12-11T23:01:36.745983Z
5e0f69bc-44b7-4179-aaf3-307ebcc2d4b4,QUOTE_COINBASE_SPOT_ETH_BTC,1425411,0.07394,2.33,0.0739,1.5,2022-12-11T23:01:38.146377700Z,2022-12-11T23:01:38.078246Z
b19fa353-e29e-4c33-8d6a-669d3b12a0be,QUOTE_COINBASE_SPOT_ETH_BTC,1425419,0.07392,1.5,0.07389,7.06714452,2022-12-11T23:01:38.667482400Z,2022-12-11T23:01:38.599851Z
db15b4c3-46c4-4d40-98b7-715f5c5cf91a,QUOTE_COINBASE_SPOT_ETH_BTC,1425424,0.07392,1.5,0.07387,15.73509333,2022-12-11T23:01:40.175207400Z,2022-12-11T23:01:40.107820Z
48b61438-47f2-4914-94a4-842a38b925c3,QUOTE_COINBASE_SPOT_ETH_BTC,1425427,0.07392,2.33,0.07387,15.73509333,2022-12-11T23:01:40.344128Z,2022-12-11T23:01:40.276277Z
00d19be1-0c6b-47ef-b780-e439831136c0,QUOTE_COINBASE_SPOT_ETH_BTC,1425432,0.07392,1.5,0.07388,0.83,2022-12-11T23:01:41.154968600Z,2022-12-11T23:01:41.084948Z
735332d4-ce98-4a32-abad-f66fb19537b9,QUOTE_COINBASE_SPOT_ETH_BTC,1425438,0.07392,2.33,0.07387,16.9134784,2022-12-11T23:01:41.595586700Z,2022-12-11T23:01:41.527904Z
c6c0fe3d-ada4-48c0-943a-27b77e2b4a52,QUOTE_COINBASE_SPOT_ETH_BTC,1425442,0.07392,1.5,0.07388,2.33,2022-12-11T23:01:42.377429600Z,2022-12-11T23:01:42.307182Z
c6489954-2566-4557-b2c7-2b6391c8ea26,QUOTE_COINBASE_SPOT_ETH_BTC,1425446,0.07393,4.18679965,0.07388,6.33122309,2022-12-11T23:01:43.156914200Z,2022-12-11T23:01:43.088712Z
04ae6b85-eed4-45f2-a9f5-54ae9799749f,QUOTE_COINBASE_SPOT_ETH_BTC,1425449,0.07393,4.18679965,0.07389,1,2022-12-11T23:01:43.584118300Z,2022-12-11T23:01:43.516450Z
7bd59d5e-be70-4326-9657-f0c11b792493,QUOTE_COINBASE_SPOT_ETH_BTC,1425453,0.07393,2.68679965,0.0739,1.83,2022-12-11T23:01:44.996920400Z,2022-12-11T23:01:44.928882Z
bece8223-8b8f-4bc1-9856-09a5f7325dbc,QUOTE_COINBASE_SPOT_ETH_BTC,1425454,0.07393,2.68679965,0.07391,1,2022-12-11T23:01:45.131844600Z,2022-12-11T23:01:45.061528Z
85601adf-8679-46e8-8ec3-b6453b0d2a5d,QUOTE_COINBASE_SPOT_ETH_BTC,1425455,0.07393,2.68679965,0.07392,1.14394203,2022-12-11T23:01:46.143902800Z,2022-12-11T23:01:46.062655Z
4e9402cb-c4ce-4f27-8248-5d28faebb781,QUOTE_COINBASE_SPOT_ETH_BTC,1425463,0.07393,2.68679965,0.07391,1,2022-12-11T23:01:46.610832800Z,2022-12-11T23:01:46.543450Z
0af9656f-4f24-498f-9f1a-f64d949b0db7,QUOTE_COINBASE_SPOT_ETH_BTC,1425464,0.07393,2.68679965,0.0739,6.74191165,2022-12-11T23:01:46.845238800Z,2022-12-11T23:01:46.776666Z
f77be8c2-5459-454c-982a-4f7e43c5c85c,QUOTE_COINBASE_SPOT_ETH_BTC,1425465,0.07393,2.68679965,0.07391,1,2022-12-11T23:01:47.858679600Z,2022-12-11T23:01:47.790897Z
727f4d20-4eba-4417-b33d-c3eadd5cbf89,QUOTE_COINBASE_SPOT_ETH_BTC,1425466,0.07393,2.68679965,0.0739,4.41191165,2022-12-11T23:01:48.846764400Z,2022-12-11T23:01:48.774803Z
4ffe4f28-4749-4211-ba21-50e37a4bfc7b,QUOTE_COINBASE_SPOT_ETH_BTC,1425469,0.07393,2.68679965,0.0739,5.24191165,2022-12-11T23:01:49.086532600Z,2022-12-11T23:01:49.019250Z
b1b5cc19-5576-42ed-b303-04bff7ec7e59,QUOTE_COINBASE_SPOT_ETH_BTC,1425470,0.07393,2.68679965,0.07391,1.0440114,2022-12-11T23:01:50.374352900Z,2022-12-11T23:01:50.305883Z
71f24b87-5be3-42a5-9b7f-0079395ad817,QUOTE_COINBASE_SPOT_ETH_BTC,1425474,0.07392,1.5,0.0739,2.91191165,2022-12-11T23:01:52.154445100Z,2022-12-11T23:01:52.086978Z
689f6915-ecd6-4a4a-8949-fb8dbb03bf2d,QUOTE_COINBASE_SPOT_ETH_BTC,1425475,0.07392,1.5,0.07389,1.5,2022-12-11T23:01:52.739263400Z,2022-12-11T23:01:52.671934Z
71550b96-5cbd-40c8-8655-7e6d3eeda345,QUOTE_COINBASE_SPOT_ETH_BTC,1425483,0.07392,1.5,0.07388,3.83,2022-12-11T23:01:53.554383Z,2022-12-11T23:01:53.487130Z
40cc83ca-6bec-4752-8e65-57ed38d725d2,QUOTE_COINBASE_SPOT_ETH_BTC,1425484,0.07392,1.5,0.07388,4.21802193,2022-12-11T23:01:53.740420600Z,2022-12-11T23:01:53.670581Z
b7ca8c00-027d-4491-a71e-ef3938436711,QUOTE_COINBASE_SPOT_ETH_BTC,1425485,0.07392,1.5,0.07388,12.21802193,2022-12-11T23:01:54.680335800Z,2022-12-11T23:01:54.612618Z
12653885-f514-4b06-a4ba-1aeb9fd874f3,QUOTE_COINBASE_SPOT_ETH_BTC,1425487,0.07392,1.5,0.07388,12.21802193,2022-12-11T23:01:54.736645200Z,2022-12-11T23:01:54.669058Z
361bfb9d-69ff-43b0-92ed-000ed67b8e4b,QUOTE_COINBASE_SPOT_ETH_BTC,1425488,0.07392,1.5,0.07388,13.21802193,2022-12-11T23:01:55.655235400Z,2022-12-11T23:01:55.578122Z
eb056a43-046e-4b89-93a2-75e4d050e5ab,QUOTE_COINBASE_SPOT_ETH_BTC,1425499,0.07393,4.18679965,0.07389,1.83,2022-12-11T23:01:55.821253600Z,2022-12-11T23:01:55.753468Z
bcdd5fb9-286e-4d00-904c-f42777a2f87c,QUOTE_COINBASE_SPOT_ETH_BTC,1425500,0.07391,0.00037334,0.07389,1.83,2022-12-11T23:01:56.357152100Z,2022-12-11T23:01:56.289440Z
ba8b0382-4832-4f84-bb9b-32a3feb1d130,QUOTE_COINBASE_SPOT_ETH_BTC,1425502,0.07391,0.00037334,0.07389,1.83,2022-12-11T23:01:58.075809800Z,2022-12-11T23:01:58.008258Z
78b401e2-ec78-4e52-bac6-c2301a738235,QUOTE_COINBASE_SPOT_ETH_BTC,1425503,0.07391,0.00037334,0.0739,1,2022-12-11T23:01:59.725456Z,2022-12-11T23:01:59.655549Z
01253bf6-d58c-46ab-858b-2e76f688ac90,QUOTE_COINBASE_SPOT_ETH_BTC,1425505,0.07391,0.00037334,0.07389,1,2022-12-11T23:02:00.478446100Z,2022-12-11T23:02:00.410107Z
53a7e90a-fabd-4de3-8b0f-32b8c2498e6d,QUOTE_COINBASE_SPOT_ETH_BTC,1425508,0.07391,0.00037334,0.07388,3.83,2022-12-11T23:02:00.895371300Z,2022-12-11T23:02:00.828155Z
9c56ac11-0fac-43f9-8b5a-7e6af27b50f1,QUOTE_COINBASE_SPOT_ETH_BTC,1425511,0.07391,0.00037334,0.07388,5.00838507,2022-12-11T23:02:02.133925900Z,2022-12-11T23:02:02.062347Z
4911e761-2131-406b-823e-eb5754efa8a4,QUOTE_COINBASE_SPOT_ETH_BTC,1425516,0.07391,0.00037334,0.07388,6.1523271,2022-12-11T23:02:02.480498700Z,2022-12-11T23:02:02.411790Z
35042e09-feee-4b31-9bd4-127123e46fc9,QUOTE_COINBASE_SPOT_ETH_BTC,1425523,0.07391,3.34e-06,0.07389,0.83,2022-12-11T23:02:03.120677600Z,2022-12-11T23:02:03.043566Z
22c397b8-dbc7-4b2a-9c3c-703b47aad767,QUOTE_COINBASE_SPOT_ETH_BTC,1425526,0.07391,3.34e-06,0.0739,2.5,2022-12-11T23:02:03.568226300Z,2022-12-11T23:02:03.500557Z
b739533a-a4de-41c4-b9df-33eecf6402e6,QUOTE_COINBASE_SPOT_ETH_BTC,1425527,0.07391,3.34e-06,0.0739,1.5,2022-12-11T23:02:04.363163300Z,2022-12-11T23:02:04.295599Z
2b2fe633-d197-4e89-bd30-7d0182935082,QUOTE_COINBASE_SPOT_ETH_BTC,1425532,0.07391,3.34e-06,0.07389,4.22730663,2022-12-11T23:02:06.501445900Z,2022-12-11T23:02:06.433287Z
678b1cef-d407-4a63-966a-136f4aaf275f,QUOTE_COINBASE_SPOT_ETH_BTC,1425533,0.07391,3.34e-06,0.07389,2.72730663,2022-12-11T23:02:06.805338900Z,2022-12-11T23:02:06.736494Z
3ca66571-4423-4c37-907f-c3f409aa7b8b,QUOTE_COINBASE_SPOT_ETH_BTC,1425535,0.07391,3.34e-06,0.07389,2.72730663,2022-12-11T23:02:10.137484300Z,2022-12-11T23:02:10.055457Z
dc57cdb7-4f7a-46e3-9c16-08dcfc7c7c7f,QUOTE_COINBASE_SPOT_ETH_BTC,1425538,0.07391,3.34e-06,0.07389,3.55730663,2022-12-11T23:02:10.597422400Z,2022-12-11T23:02:10.524690Z
f27fb8be-b4e0-429d-be12-716dc644473d,QUOTE_COINBASE_SPOT_ETH_BTC,1425539,0.07391,3.34e-06,0.0739,1.5,2022-12-11T23:02:10.863416700Z,2022-12-11T23:02:10.735992Z
71e1926a-25c4-46f6-b188-717290b9a667,QUOTE_COINBASE_SPOT_ETH_BTC,1425541,0.07391,3.34e-06,0.0739,1.5,2022-12-11T23:02:11.477692600Z,2022-12-11T23:02:11.410325Z
4124feb0-cfaf-4488-b596-7b499ad81a9b,QUOTE_COINBASE_SPOT_ETH_BTC,1425542,0.07391,3.34e-06,0.0739,2.33,2022-12-11T23:02:11.707900Z,2022-12-11T23:02:11.639089Z
c3783b6e-5644-4c07-afc8-1a4d24dc2c58,QUOTE_COINBASE_SPOT_ETH_BTC,1425544,0.07391,3.34e-06,0.0739,2.33,2022-12-11T23:02:12.501865600Z,2022-12-11T23:02:12.417141Z
2df90e1b-27c0-44af-a195-9df339418d03,QUOTE_COINBASE_SPOT_ETH_BTC,1425547,0.07391,3.34e-06,0.0739,1.5,2022-12-11T23:02:12.714186500Z,2022-12-11T23:02:12.645357Z
8a2b6944-ec32-450e-857d-11d1c0d48c3d,QUOTE_COINBASE_SPOT_ETH_BTC,1425548,0.07391,3.34e-06,0.0739,2.33,2022-12-11T23:02:13.155633100Z,2022-12-11T23:02:13.087630Z
4c77afaa-9ae5-4074-b7ab-b4803583e7ee,QUOTE_COINBASE_SPOT_ETH_BTC,1425549,0.07391,3.34e-06,0.0739,3.33,2022-12-11T23:02:14.548730600Z,2022-12-11T23:02:14.480875Z
d9e6620b-331f-4533-b4fb-0603c1f51ea8,QUOTE_COINBASE_SPOT_ETH_BTC,1425554,0.07395,1.89945964,0.07391,5.02036839,2022-12-11T23:02:15.183581800Z,2022-12-11T23:02:15.114472Z
e5ebff48-62f1-43dc-aa31-06c5e30fd176,QUOTE_COINBASE_SPOT_ETH_BTC,1425558,0.07395,1.88828067,0.07392,2.5,2022-12-11T23:02:15.411599700Z,2022-12-11T23:02:15.343544Z
be0b8804-3039-4a61-b397-b9b05d764e0f,QUOTE_COINBASE_SPOT_ETH_BTC,1425568,0.07395,1.88828067,0.07392,2.14394203,2022-12-11T23:02:17.094689800Z,2022-12-11T23:02:17.027363Z
609f02ef-e689-4b69-b4b6-c8b09cc6846a,QUOTE_COINBASE_SPOT_ETH_BTC,1425572,0.07395,1.88828067,0.07391,8.64036839,2022-12-11T23:02:17.401056800Z,2022-12-11T23:02:17.333888Z
9d00abfb-0a00-4db1-98f0-2a874d78d503,QUOTE_COINBASE_SPOT_ETH_BTC,1425573,0.07395,1.88828067,0.07391,9.81875346,2022-12-11T23:02:17.739863600Z,2022-12-11T23:02:17.672569Z
cb0f571d-b7b0-4735-bdfe-e3a6018a4669,QUOTE_COINBASE_SPOT_ETH_BTC,1425579,0.07396,13.22398004,0.07392,1.5,2022-12-11T23:02:18.626158Z,2022-12-11T23:02:18.558217Z
3d70b5b8-95a7-45b1-b091-876a4ae08cd9,QUOTE_COINBASE_SPOT_ETH_BTC,1425580,0.07396,5.22398004,0.07392,1.5,2022-12-11T23:02:18.720868100Z,2022-12-11T23:02:18.642090Z
18a7e183-30ec-4fb1-b9fc-da741dd51ca4,QUOTE_COINBASE_SPOT_ETH_BTC,1425582,0.07396,4.39398004,0.07392,2.33,2022-12-11T23:02:19.287323500Z,2022-12-11T23:02:19.219877Z
12dc715e-37e7-44e7-b396-0338dc7472ba,QUOTE_COINBASE_SPOT_ETH_BTC,1425584,0.07396,5.22398004,0.07392,1.5,2022-12-11T23:02:20.027623300Z,2022-12-11T23:02:19.959678Z
0c3a1aca-9822-46b1-ab06-f8d1c2a54e07,QUOTE_COINBASE_SPOT_ETH_BTC,1425591,0.07396,2.89398004,0.07393,0.83,2022-12-11T23:02:20.550151100Z,2022-12-11T23:02:20.479267Z
ec85a746-8055-464f-9119-86225403ddc9,QUOTE_COINBASE_SPOT_ETH_BTC,1425593,0.07396,2.89398004,0.07394,1,2022-12-11T23:02:20.925872900Z,2022-12-11T23:02:20.857467Z
8881063e-f10b-4e78-8b35-b2dd5f01d272,QUOTE_COINBASE_SPOT_ETH_BTC,1425594,0.07396,2.88280107,0.07394,1,2022-12-11T23:02:21.504053300Z,2022-12-11T23:02:21.435502Z
4ed9a928-74b3-468f-a35e-342a218acbb0,QUOTE_COINBASE_SPOT_ETH_BTC,1425601,0.07398,3.88070824,0.07396,1,2022-12-11T23:02:22.472296700Z,2022-12-11T23:02:22.403216Z
47ae8c89-d3c4-46cc-a64a-68e795e892fc,QUOTE_COINBASE_SPOT_ETH_BTC,1425606,0.07399,9.87335595,0.07396,1.5,2022-12-11T23:02:22.981870Z,2022-12-11T23:02:22.912745Z
6ebf956a-cfc9-471e-b61d-e5e6c3848ee8,QUOTE_COINBASE_SPOT_ETH_BTC,1425610,0.07399,3.17552945,0.07398,1.28722408,2022-12-11T23:02:23.353329800Z,2022-12-11T23:02:23.275852Z
819bc754-1d02-465b-94d5-cc7519693c69,QUOTE_COINBASE_SPOT_ETH_BTC,1425614,0.07399,3.17552945,0.07398,1.0068514,2022-12-11T23:02:23.836001400Z,2022-12-11T23:02:23.766914Z
c59ff7a7-48fd-4c77-b65b-186980e39f09,QUOTE_COINBASE_SPOT_ETH_BTC,1425619,0.07399,3.17552945,0.07396,1.5,2022-12-11T23:02:24.515784700Z,2022-12-11T23:02:24.448068Z
d29416e5-6b13-4911-8ed7-189497375499,QUOTE_COINBASE_SPOT_ETH_BTC,1425624,0.07399,3.17552945,0.07394,0.83473614,2022-12-11T23:02:25.677252Z,2022-12-11T23:02:25.606237Z
09c3de30-a00c-4be7-9574-a080170d2d3f,QUOTE_COINBASE_SPOT_ETH_BTC,1425638,0.07397,2.370708,0.07393,9.82012783,2022-12-11T23:02:26.126069300Z,2022-12-11T23:02:26.058322Z
54a1d3cc-da00-4940-96bf-2637c4ee7a4a,QUOTE_COINBASE_SPOT_ETH_BTC,1425642,0.07397,2.370708,0.07393,9.82012783,2022-12-11T23:02:26.523506100Z,2022-12-11T23:02:26.455494Z
8c319c65-b68d-40a7-9d47-c30f3385bd37,QUOTE_COINBASE_SPOT_ETH_BTC,1425646,0.07397,2.370708,0.07393,9.82012783,2022-12-11T23:02:27.523403700Z,2022-12-11T23:02:27.455512Z
57e36ca8-e13c-4233-bb73-c4a22812be9f,QUOTE_COINBASE_SPOT_ETH_BTC,1425648,0.07397,2.370708,0.07394,2.33,2022-12-11T23:02:28.522029300Z,2022-12-11T23:02:28.451163Z
8a3cde16-9e96-4858-8e0d-099480f11a84,QUOTE_COINBASE_SPOT_ETH_BTC,1425649,0.07397,2.370708,0.07394,3.33,2022-12-11T23:02:29.655175800Z,2022-12-11T23:02:29.587345Z
b0a970bf-ece8-4f49-a3c5-84535a2a1e75,QUOTE_COINBASE_SPOT_ETH_BTC,1425654,0.07397,2.370708,0.07393,9.82012783,2022-12-11T23:02:32.149195100Z,2022-12-11T23:02:32.073562Z
c89212ed-2162-4836-8b48-81b0c6d50aad,QUOTE_COINBASE_SPOT_ETH_BTC,1425657,0.07397,3.200708,0.07393,5.87012783,2022-12-11T23:02:33.154334600Z,2022-12-11T23:02:33.077544Z
63d1614d-3ed7-481d-befb-85a764321ef9,QUOTE_COINBASE_SPOT_ETH_BTC,1425659,0.07396,0.83,0.07393,5.87012783,2022-12-11T23:02:33.873083100Z,2022-12-11T23:02:33.805630Z
800bc16a-9880-40c1-a328-261227af73b8,QUOTE_COINBASE_SPOT_ETH_BTC,1425662,0.07396,0.83,0.07392,3.11112593,2022-12-11T23:02:34.642222500Z,2022-12-11T23:02:34.571212Z
c8a57848-bb92-4ead-87e7-d189f98397e2,QUOTE_COINBASE_SPOT_ETH_BTC,1425665,0.07397,3.200708,0.07392,3.94112593,2022-12-11T23:02:35.670907600Z,2022-12-11T23:02:35.600668Z
259eacf7-c70a-4457-a26f-f76c9daa44ea,QUOTE_COINBASE_SPOT_ETH_BTC,1425670,0.07397,2.370708,0.07393,0.83,2022-12-11T23:02:35.977117700Z,2022-12-11T23:02:35.906549Z
f9c74345-c8bb-4a68-a3f5-afe727146360,QUOTE_COINBASE_SPOT_ETH_BTC,1425677,0.07397,2.370708,0.07393,2.33,2022-12-11T23:02:36.567402Z,2022-12-11T23:02:36.499671Z
e92d263e-be2c-4b2f-967e-576f2f3c3aea,QUOTE_COINBASE_SPOT_ETH_BTC,1425678,0.07397,2.370708,0.07393,3.33,2022-12-11T23:02:37.880061600Z,2022-12-11T23:02:37.812869Z
71adcb37-b63f-4154-9ccf-11658e5b78c7,QUOTE_COINBASE_SPOT_ETH_BTC,1425681,0.07397,3.200708,0.07393,1.5,2022-12-11T23:02:40.097129400Z,2022-12-11T23:02:40.029183Z
7eb5ca1d-de1d-43b6-8b2b-5c826607ebf7,QUOTE_COINBASE_SPOT_ETH_BTC,1425685,0.07396,1.5,0.07392,9.88792593,2022-12-11T23:02:40.217420400Z,2022-12-11T23:02:40.149501Z
3653b74b-09fd-4d07-bcb0-f22eab53d194,QUOTE_COINBASE_SPOT_ETH_BTC,1425688,0.07396,2.33,0.07392,8.05792593,2022-12-11T23:02:41.094239100Z,2022-12-11T23:02:41.026797Z
d164c6d2-7ffa-4a4e-b953-edf4739993a2,QUOTE_COINBASE_SPOT_ETH_BTC,1425690,0.07396,1.5,0.07392,8.88792593,2022-12-11T23:02:41.515960800Z,2022-12-11T23:02:41.448126Z
7d2c982e-c6eb-4449-aa26-b82ffba1f322,QUOTE_COINBASE_SPOT_ETH_BTC,1425691,0.07396,1.5,0.07392,9.88792593,2022-12-11T23:02:41.681044200Z,2022-12-11T23:02:41.613444Z
6f4ba7af-598e-4d7a-a9f1-e88c42e588fd,QUOTE_COINBASE_SPOT_ETH_BTC,1425692,0.07396,1.5,0.07393,1.5,2022-12-11T23:02:42.616311400Z,2022-12-11T23:02:42.548498Z
3290b08d-0f41-4ec8-a5a9-7f4f80a0b7d8,QUOTE_COINBASE_SPOT_ETH_BTC,1425695,0.07397,2.370708,0.07393,3.33,2022-12-11T23:02:43.016612100Z,2022-12-11T23:02:42.942816Z
cfb46de3-06f3-490a-8988-309b09f77f71,QUOTE_COINBASE_SPOT_ETH_BTC,1425700,0.07397,2.370708,0.07393,10.33,2022-12-11T23:02:43.593795200Z,2022-12-11T23:02:43.521645Z
a6b093bf-103c-41e7-a420-4b3dcc1b7e50,QUOTE_COINBASE_SPOT_ETH_BTC,1425709,0.07397,3.200708,0.07392,17.88792593,2022-12-11T23:02:44.521154700Z,2022-12-11T23:02:44.451117Z
cb45847e-fd46-4650-aa1f-c75d27a253d9,QUOTE_COINBASE_SPOT_ETH_BTC,1425712,0.07397,3.200708,0.07392,16.88792593,2022-12-11T23:02:44.787464100Z,2022-12-11T23:02:44.716486Z
5d33ae35-59ff-4cfc-8c04-c6cef5ff1e52,QUOTE_COINBASE_SPOT_ETH_BTC,1425713,0.07397,3.200708,0.07392,17.88792593,2022-12-11T23:02:45.788609700Z,2022-12-11T23:02:45.721186Z
d597c618-7e25-4519-97b7-1cee659b3e23,QUOTE_COINBASE_SPOT_ETH_BTC,1425715,0.07397,3.200708,0.07393,1.5,2022-12-11T23:02:46.564134200Z,2022-12-11T23:02:46.496513Z
aa763782-99fd-448d-92bc-b7d41cb0508f,QUOTE_COINBASE_SPOT_ETH_BTC,1425717,0.07397,2.370708,0.07393,2.33,2022-12-11T23:02:52.569264600Z,2022-12-11T23:02:52.500482Z
f7396a91-6603-42a5-a476-5cf318e18503,QUOTE_COINBASE_SPOT_ETH_BTC,1425718,0.07397,2.370708,0.07393,3.33,2022-12-11T23:02:52.716848700Z,2022-12-11T23:02:52.649565Z
82847f4a-3dce-4bd0-b347-d80cf94d16e0,QUOTE_COINBASE_SPOT_ETH_BTC,1425722,0.07397,2.370708,0.07395,1,2022-12-11T23:02:54.527128500Z,2022-12-11T23:02:54.459117Z
11c5f648-ff00-4fcd-bc28-8ef6fbd2e8f2,QUOTE_COINBASE_SPOT_ETH_BTC,1425724,0.07397,2.370708,0.07396,1,2022-12-11T23:02:55.145791400Z,2022-12-11T23:02:55.075526Z
84729bb2-e54b-499e-8777-ef7892d343df,QUOTE_COINBASE_SPOT_ETH_BTC,1425727,0.07397,2.370708,0.07394,2.63648788,2022-12-11T23:02:56.618730Z,2022-12-11T23:02:56.551137Z
a0681659-6a95-4159-bb87-45ff1379a16e,QUOTE_COINBASE_SPOT_ETH_BTC,1425728,0.07397,2.370708,0.07394,3.46648788,2022-12-11T23:02:57.168456600Z,2022-12-11T23:02:57.100604Z
850825da-b4b3-410d-9d68-525cae5e4611,QUOTE_COINBASE_SPOT_ETH_BTC,1425729,0.07397,2.370708,0.07394,2.63648788,2022-12-11T23:02:57.189627400Z,2022-12-11T23:02:57.121970Z
ced563bd-b966-4e46-8692-61d515ad5fa0,QUOTE_COINBASE_SPOT_ETH_BTC,1425730,0.07397,2.370708,0.07394,3.46648788,2022-12-11T23:02:57.755180900Z,2022-12-11T23:02:57.685999Z
2d951fec-6161-42d9-aa42-28c0b87d68a5,QUOTE_COINBASE_SPOT_ETH_BTC,1425731,0.07397,2.370708,0.07394,2.63648788,2022-12-11T23:02:58.621560800Z,2022-12-11T23:02:58.553734Z
306b400b-2f7e-42c5-9cc8-ddff589fcf4c,QUOTE_COINBASE_SPOT_ETH_BTC,1425732,0.07397,2.370708,0.07394,3.46648788,2022-12-11T23:02:59.334605Z,2022-12-11T23:02:59.266989Z
45c7b502-f3e6-4581-94e1-05289d91d9b9,QUOTE_COINBASE_SPOT_ETH_BTC,1425740,0.07397,2.370708,0.07395,1.83,2022-12-11T23:03:00.631836200Z,2022-12-11T23:03:00.563641Z
bc932244-9b5a-4c37-b137-0ea7255a60de,QUOTE_COINBASE_SPOT_ETH_BTC,1425742,0.07399,5.61913962,0.07395,1.83,2022-12-11T23:03:01.085810100Z,2022-12-11T23:03:01.018206Z
78fe0eab-add6-40dc-a540-7627e45a2de9,QUOTE_COINBASE_SPOT_ETH_BTC,1425745,0.07399,5.61913962,0.07395,1.83,2022-12-11T23:03:01.634816100Z,2022-12-11T23:03:01.566859Z
a6460181-68ee-47a5-b771-dcbd428e832d,QUOTE_COINBASE_SPOT_ETH_BTC,1425746,0.07399,5.61913962,0.07396,1.5,2022-12-11T23:03:02.307851Z,2022-12-11T23:03:02.237272Z
d9b3227b-49d9-4253-bbd7-21417c491ac9,QUOTE_COINBASE_SPOT_ETH_BTC,1425747,0.07399,4.11913962,0.07396,1.5,2022-12-11T23:03:03.624211Z,2022-12-11T23:03:03.554695Z
2a33e07c-c894-45d5-b4c4-b619f8189c5c,QUOTE_COINBASE_SPOT_ETH_BTC,1425749,0.074,14.38433333,0.07396,1.5,2022-12-11T23:03:04.081613400Z,2022-12-11T23:03:04.012506Z
32fa2cfe-e5a1-4d99-816c-29384ac4726a,QUOTE_COINBASE_SPOT_ETH_BTC,1425755,0.07399,2.33,0.07394,18.19427965,2022-12-11T23:03:04.595903800Z,2022-12-11T23:03:04.528649Z
1836cba9-1dba-4def-be03-942670dbf424,QUOTE_COINBASE_SPOT_ETH_BTC,1425760,0.07398,2.40615817,0.07394,9.19427965,2022-12-11T23:03:05.054954900Z,2022-12-11T23:03:04.987598Z
200a6aef-2be9-4779-92d6-295c2b361920,QUOTE_COINBASE_SPOT_ETH_BTC,1425762,0.07398,3.23615817,0.07394,8.36427965,2022-12-11T23:03:05.552061700Z,2022-12-11T23:03:05.483127Z
d2567d5d-0b95-4f45-aae3-369d2922b2d0,QUOTE_COINBASE_SPOT_ETH_BTC,1425763,0.07397,1.5,0.07394,8.36427965,2022-12-11T23:03:05.944870500Z,2022-12-11T23:03:05.877323Z
34cd84b5-1e2b-4f75-916e-d33335a1e350,QUOTE_COINBASE_SPOT_ETH_BTC,1425766,0.07397,1.5,0.07394,8.36427965,2022-12-11T23:03:08.510632600Z,2022-12-11T23:03:08.443373Z
1f187aa2-dfc3-4965-a4fc-51671fccf68e,QUOTE_COINBASE_SPOT_ETH_BTC,1425767,0.07398,3.23615817,0.07394,8.36427965,2022-12-11T23:03:11.152294Z,2022-12-11T23:03:11.084415Z
be220cd3-c303-4bff-bb7c-873df89ca473,QUOTE_COINBASE_SPOT_ETH_BTC,1425770,0.07397,0.83,0.07394,2.63648788,2022-12-11T23:03:12.798540900Z,2022-12-11T23:03:12.730300Z
0abd721c-bbf1-4efd-a898-2458ff817678,QUOTE_COINBASE_SPOT_ETH_BTC,1425771,0.07397,1.33,0.07394,2.63648788,2022-12-11T23:03:16.130651300Z,2022-12-11T23:03:16.036823Z
b61dabf7-ad8b-44c0-8944-e62160aa237c,QUOTE_COINBASE_SPOT_ETH_BTC,1425780,0.07395,1,0.07392,13.89380549,2022-12-11T23:03:17.091179200Z,2022-12-11T23:03:17.023637Z
7020c245-44be-48c1-aab0-1fd317a98597,QUOTE_COINBASE_SPOT_ETH_BTC,1425786,0.07395,1.83,0.07391,8.57078539,2022-12-11T23:03:17.384384Z,2022-12-11T23:03:17.313811Z
f5f0bb3c-87d8-42ea-a0cf-df62a85b9607,QUOTE_COINBASE_SPOT_ETH_BTC,1425788,0.07395,0.83,0.07391,8.57078539,2022-12-11T23:03:18.073964300Z,2022-12-11T23:03:18.006004Z
cafeeeeb-2e92-48c3-afae-c5ab921211d1,QUOTE_COINBASE_SPOT_ETH_BTC,1425791,0.07395,0.5,0.07391,9.40078539,2022-12-11T23:03:18.547939900Z,2022-12-11T23:03:18.479931Z
bb24b662-994e-449e-a337-ae137a37552b,QUOTE_COINBASE_SPOT_ETH_BTC,1425796,0.07395,2.33,0.07391,8.57078539,2022-12-11T23:03:19.020215900Z,2022-12-11T23:03:18.950192Z
34fb2423-e48f-4e9e-b01d-d26676571609,QUOTE_COINBASE_SPOT_ETH_BTC,1425798,0.07395,1.5,0.07391,9.40078539,2022-12-11T23:03:19.439934200Z,2022-12-11T23:03:19.372479Z
c58aad92-4d97-4a0d-a7ca-b2c6f6596570,QUOTE_COINBASE_SPOT_ETH_BTC,1425799,0.07395,1.5,0.07391,17.40078539,2022-12-11T23:03:20.178207600Z,2022-12-11T23:03:20.110718Z
5f654a70-a991-4755-9a9b-493717ca11d0,QUOTE_COINBASE_SPOT_ETH_BTC,1425803,0.07395,1.5,0.07391,17.40078539,2022-12-11T23:03:21.082593300Z,2022-12-11T23:03:21.015370Z
6e42c0ff-6520-4df3-914b-558caa2dc3f2,QUOTE_COINBASE_SPOT_ETH_BTC,1425812,0.07396,7.49267477,0.07392,2.5,2022-12-11T23:03:21.419290Z,2022-12-11T23:03:21.352013Z
bfbc5596-0594-495b-adf7-7493ab3a4497,QUOTE_COINBASE_SPOT_ETH_BTC,1425814,0.07395,1.5,0.07392,1,2022-12-11T23:03:22.002586500Z,2022-12-11T23:03:21.934442Z
a5396a2c-6422-4ab1-a57f-b39113d84f6a,QUOTE_COINBASE_SPOT_ETH_BTC,1425821,0.07395,1.5,0.07391,6.92998721,2022-12-11T23:03:22.439130300Z,2022-12-11T23:03:22.369972Z
39c57ec9-7c93-4fc3-b9c6-0351f34b44ec,QUOTE_COINBASE_SPOT_ETH_BTC,1425828,0.07395,1.5,0.07392,0.83,2022-12-11T23:03:23.084670600Z,2022-12-11T23:03:23.013345Z
70947ee8-d6ab-464d-821f-e97edcf58269,QUOTE_COINBASE_SPOT_ETH_BTC,1425832,0.07395,1.5,0.07391,18.13523276,2022-12-11T23:03:23.682487900Z,2022-12-11T23:03:23.613094Z
b430e975-687b-42b6-a151-cec19c18f202,QUOTE_COINBASE_SPOT_ETH_BTC,1425834,0.07395,1.5,0.07392,2.33,2022-12-11T23:03:23.813919600Z,2022-12-11T23:03:23.745394Z
f7b81787-4492-4e1d-97ff-cae2ac30056e,QUOTE_COINBASE_SPOT_ETH_BTC,1425835,0.07395,1.5,0.07392,1.5,2022-12-11T23:03:24.531401900Z,2022-12-11T23:03:24.464164Z
2e358541-4ed7-4455-a4e9-a822ab373ea4,QUOTE_COINBASE_SPOT_ETH_BTC,1425836,0.07395,1.5,0.07392,2.5,2022-12-11T23:03:25.186096Z,2022-12-11T23:03:25.108875Z
8d75e3b6-5efb-4ef1-a9ac-261793881e1e,QUOTE_COINBASE_SPOT_ETH_BTC,1425837,0.07395,1.5,0.07392,1.5,2022-12-11T23:03:25.258050700Z,2022-12-11T23:03:25.190171Z
a61e7f15-04b4-4c4a-be32-e619397a678b,QUOTE_COINBASE_SPOT_ETH_BTC,1425839,0.07395,1.5,0.07392,1.5,2022-12-11T23:03:27.447730400Z,2022-12-11T23:03:27.380089Z
6bbad1b3-a594-44cc-b460-3ef75fe4310b,QUOTE_COINBASE_SPOT_ETH_BTC,1425840,0.07395,1.5,0.07392,2.5,2022-12-11T23:03:28.652742100Z,2022-12-11T23:03:28.585130Z
d8583bc5-8a22-49bb-8a17-b419e5141ae7,QUOTE_COINBASE_SPOT_ETH_BTC,1425841,0.07395,1.5,0.07392,1.5,2022-12-11T23:03:29.448324900Z,2022-12-11T23:03:29.380848Z
f9f98b74-cd8a-4ac5-baf9-f8c81bca39bb,QUOTE_COINBASE_SPOT_ETH_BTC,1425845,0.07396,8.16267477,0.07393,1,2022-12-11T23:03:31.658471400Z,2022-12-11T23:03:31.591140Z
228a2af7-884c-40a6-a16f-c65d82d3eccf,QUOTE_COINBASE_SPOT_ETH_BTC,1425846,0.07396,8.16267477,0.07392,2.33,2022-12-11T23:03:34.681396800Z,2022-12-11T23:03:34.613884Z
ac961c87-2491-42ac-aeb9-6e130fcd98d6,QUOTE_COINBASE_SPOT_ETH_BTC,1425847,0.07396,8.16267477,0.07392,3.33,2022-12-11T23:03:34.696443400Z,2022-12-11T23:03:34.628507Z
009bef0b-740a-4b83-9a2b-47480697124f,QUOTE_COINBASE_SPOT_ETH_BTC,1425850,0.07396,8.16267477,0.07392,3.33,2022-12-11T23:03:36.142724400Z,2022-12-11T23:03:36.052869Z
062da7f8-475a-4f87-af32-68134001811e,QUOTE_COINBASE_SPOT_ETH_BTC,1425851,0.07396,8.16267477,0.07392,2.33,2022-12-11T23:03:37.028535100Z,2022-12-11T23:03:36.960843Z
27d05fdf-23ab-4ae2-a94c-5d2742bcaa7d,QUOTE_COINBASE_SPOT_ETH_BTC,1425853,0.07396,8.99267477,0.07392,1.5,2022-12-11T23:03:37.386254600Z,2022-12-11T23:03:37.315560Z
a0989902-663e-405c-9065-785ea329855a,QUOTE_COINBASE_SPOT_ETH_BTC,1425855,0.07396,8.99267477,0.07392,2.90328081,2022-12-11T23:03:38.662863Z,2022-12-11T23:03:38.595058Z
60bbc37b-765d-4cec-8837-66b1c09691e7,QUOTE_COINBASE_SPOT_ETH_BTC,1425857,0.07396,8.16267477,0.07392,3.73328081,2022-12-11T23:03:38.769475400Z,2022-12-11T23:03:38.701756Z
60a5257d-e546-43d3-b20d-bcc8c0ee814c,QUOTE_COINBASE_SPOT_ETH_BTC,1425859,0.07396,8.99267477,0.07392,2.90328081,2022-12-11T23:03:40.611301400Z,2022-12-11T23:03:40.541819Z
ef1922a5-05d3-44a2-9e7e-fdb60add0bc2,QUOTE_COINBASE_SPOT_ETH_BTC,1425861,0.07396,8.16267477,0.07392,3.73328081,2022-12-11T23:03:41.646808400Z,2022-12-11T23:03:41.574759Z
00e47acc-9c3c-4436-b100-c3fbceedcb0f,QUOTE_COINBASE_SPOT_ETH_BTC,1425862,0.07396,8.16267477,0.07392,2.90328081,2022-12-11T23:03:43.221528100Z,2022-12-11T23:03:43.153845Z
4a669063-d00f-4d77-b839-0903911b57b2,QUOTE_COINBASE_SPOT_ETH_BTC,1425863,0.07396,8.16267477,0.07392,3.73328081,2022-12-11T23:03:44.067685300Z,2022-12-11T23:03:44.000303Z
2b314bd3-04fd-47e0-963e-a1d18c041011,QUOTE_COINBASE_SPOT_ETH_BTC,1425867,0.07396,8.99267477,0.07392,1,2022-12-11T23:03:44.579474300Z,2022-12-11T23:03:44.510616Z
a014933d-5df2-4153-bd3c-38a3923d2546,QUOTE_COINBASE_SPOT_ETH_BTC,1425871,0.07395,1.5,0.07392,1.5,2022-12-11T23:03:44.819502100Z,2022-12-11T23:03:44.752239Z
133132ee-7d67-4a9c-a645-f86554dd129d,QUOTE_COINBASE_SPOT_ETH_BTC,1425872,0.07395,1.5,0.07392,2.5,2022-12-11T23:03:45.849062600Z,2022-12-11T23:03:45.780757Z
4f439a9d-9f37-4242-85dd-372ac316d9ff,QUOTE_COINBASE_SPOT_ETH_BTC,1425873,0.07395,1.5,0.07392,1.5,2022-12-11T23:03:48.845523Z,2022-12-11T23:03:48.778195Z
655783a9-cbf6-471b-a494-5782d15d8843,QUOTE_COINBASE_SPOT_ETH_BTC,1425875,0.07396,8.99267477,0.07392,2.5,2022-12-11T23:03:50.250962500Z,2022-12-11T23:03:50.179890Z
4ba57d5e-f5a8-4ef3-ab4d-5d064a6e9746,QUOTE_COINBASE_SPOT_ETH_BTC,1425876,0.07396,8.99267477,0.07392,1.5,2022-12-11T23:03:50.821713700Z,2022-12-11T23:03:50.754180Z
ae86c586-8d3b-4d85-b528-b03802b73f5b,QUOTE_COINBASE_SPOT_ETH_BTC,1425878,0.07395,1.5,0.07392,1.5,2022-12-11T23:03:53.405516600Z,2022-12-11T23:03:53.333581Z
ac8ebcbe-7f02-4a43-aaae-b3dcb5a08785,QUOTE_COINBASE_SPOT_ETH_BTC,1425879,0.07395,1.5,0.07392,2.5,2022-12-11T23:03:56.907644400Z,2022-12-11T23:03:56.836456Z
c48d0b3d-d3ad-460a-a3ce-0fd8648594e7,QUOTE_COINBASE_SPOT_ETH_BTC,1425882,0.07396,10.29267477,0.07392,1.5,2022-12-11T23:03:58.452853Z,2022-12-11T23:03:58.385550Z
e11bc4f2-9e42-41cb-aca0-666418c2cd29,QUOTE_COINBASE_SPOT_ETH_BTC,1425888,0.07396,10.29267477,0.07392,1.5,2022-12-11T23:03:59.611699700Z,2022-12-11T23:03:59.543202Z
0aed31de-7311-40f9-bb26-b58fe40eea12,QUOTE_COINBASE_SPOT_ETH_BTC,1425889,0.07396,8.99267477,0.07392,1.5,2022-12-11T23:03:59.992607800Z,2022-12-11T23:03:59.924897Z
71468446-e8e6-4990-853d-9b41432262d4,QUOTE_COINBASE_SPOT_ETH_BTC,1425890,0.07396,8.99267477,0.07392,2.5,2022-12-11T23:04:00.451452400Z,2022-12-11T23:04:00.333178Z
a7ed53c4-a684-4459-894d-d870ff55ce29,QUOTE_COINBASE_SPOT_ETH_BTC,1425891,0.07396,8.99267477,0.07392,2.88768602,2022-12-11T23:04:03.168888900Z,2022-12-11T23:04:03.101569Z
b1229967-f13e-4c88-b9a2-3d387b8f8542,QUOTE_COINBASE_SPOT_ETH_BTC,1425892,0.07396,8.99267477,0.07392,2.5,2022-12-11T23:04:03.617986900Z,2022-12-11T23:04:03.549935Z
a37ac68f-026f-4c8b-95c9-de47ffc38c9f,QUOTE_COINBASE_SPOT_ETH_BTC,1425895,0.07395,1.5,0.07392,2.5,2022-12-11T23:04:05.159333600Z,2022-12-11T23:04:05.092043Z
abd616cb-6af6-4765-89c9-6ceaa78ba870,QUOTE_COINBASE_SPOT_ETH_BTC,1425896,0.07395,1.5,0.07392,1,2022-12-11T23:04:06.026738400Z,2022-12-11T23:04:05.959182Z
e3bf2578-fb7c-4c28-b892-0d90ef9b90c4,QUOTE_COINBASE_SPOT_ETH_BTC,1425899,0.07394,1.3,0.07391,2.65318721,2022-12-11T23:04:06.523435200Z,2022-12-11T23:04:06.455545Z
1d3d6bda-e62a-4470-8639-2e59e62cb7be,QUOTE_COINBASE_SPOT_ETH_BTC,1425901,0.07395,3.63,0.07391,2.65318721,2022-12-11T23:04:07.157677600Z,2022-12-11T23:04:07.090258Z
382861cf-df95-4bb2-b13e-79bb9324187f,QUOTE_COINBASE_SPOT_ETH_BTC,1425902,0.07395,6.89961582,0.07391,2.65318721,2022-12-11T23:04:07.702398400Z,2022-12-11T23:04:07.633287Z
7040820e-b368-46d1-9d52-e34339ed9d09,QUOTE_COINBASE_SPOT_ETH_BTC,1425903,0.07395,3.63,0.07391,2.65318721,2022-12-11T23:04:10.399585500Z,2022-12-11T23:04:10.331931Z
2d05bb8d-3f8c-4953-8796-0497f57fb6ed,QUOTE_COINBASE_SPOT_ETH_BTC,1425905,0.07395,3.63,0.07391,2.65318721,2022-12-11T23:04:11.083772500Z,2022-12-11T23:04:11.016144Z
bca363ac-4fa3-468e-9c77-f81afc403793,QUOTE_COINBASE_SPOT_ETH_BTC,1425906,0.07395,6.90232963,0.07391,2.65318721,2022-12-11T23:04:12.193464600Z,2022-12-11T23:04:12.123307Z
94b11e4c-4675-4122-b842-3de1c546050e,QUOTE_COINBASE_SPOT_ETH_BTC,1425907,0.07395,3.63,0.07391,2.65318721,2022-12-11T23:04:13.042787800Z,2022-12-11T23:04:12.974915Z
5a5bfd2f-e550-4bd1-a6bf-8b20fe63e372,QUOTE_COINBASE_SPOT_ETH_BTC,1425908,0.07395,20.05723666,0.07391,2.65318721,2022-12-11T23:04:14.410285200Z,2022-12-11T23:04:14.342466Z
95c4971f-1a60-4bda-b435-71f129b04852,QUOTE_COINBASE_SPOT_ETH_BTC,1425910,0.07395,2.33,0.07391,2.65318721,2022-12-11T23:04:15.153006400Z,2022-12-11T23:04:15.084404Z
d58fc53a-8c61-4b5d-9307-cd1238ed2760,QUOTE_COINBASE_SPOT_ETH_BTC,1425912,0.07395,2.33,0.07391,2.65318721,2022-12-11T23:04:15.556894200Z,2022-12-11T23:04:15.486780Z
2e9014db-75a5-4565-8621-9bac2791e92c,QUOTE_COINBASE_SPOT_ETH_BTC,1425913,0.07395,18.75775465,0.07391,2.65318721,2022-12-11T23:04:16.636972200Z,2022-12-11T23:04:16.569446Z
579ff6cf-c541-4a2d-83f2-95ac95820117,QUOTE_COINBASE_SPOT_ETH_BTC,1425914,0.07395,20.05775465,0.07391,2.65318721,2022-12-11T23:04:17.174929300Z,2022-12-11T23:04:17.107098Z
55b154a4-8408-4209-b544-189125a9ee61,QUOTE_COINBASE_SPOT_ETH_BTC,1425916,0.07394,1.3,0.07391,2.65318721,2022-12-11T23:04:17.479005200Z,2022-12-11T23:04:17.411399Z
75dbb944-523d-40fb-93c4-71d2695c39de,QUOTE_COINBASE_SPOT_ETH_BTC,1425917,0.07394,17.72756166,0.07391,2.65318721,2022-12-11T23:04:18.078227Z,2022-12-11T23:04:18.010675Z
c89bec6d-5584-40f9-bc90-01d01d316613,QUOTE_COINBASE_SPOT_ETH_BTC,1425922,0.07395,2.33,0.07391,2.65318721,2022-12-11T23:04:18.597851500Z,2022-12-11T23:04:18.503705Z
b46d1867-9da0-48f5-83ac-f109a52301a9,QUOTE_COINBASE_SPOT_ETH_BTC,1425924,0.07395,2.33,0.07391,2.65318721,2022-12-11T23:04:19.005005Z,2022-12-11T23:04:18.937485Z
49434e90-1d4f-4c0a-b3f2-fa35c278814b,QUOTE_COINBASE_SPOT_ETH_BTC,1425926,0.07395,2.33,0.07391,3.81329424,2022-12-11T23:04:19.516771300Z,2022-12-11T23:04:19.449299Z
83c9aa98-7924-4a2b-9321-732795fe48d9,QUOTE_COINBASE_SPOT_ETH_BTC,1425927,0.07395,18.7577382,0.07391,3.81329424,2022-12-11T23:04:20.001887200Z,2022-12-11T23:04:19.934383Z
5ae22d07-d218-41cb-91b5-d34d01d49879,QUOTE_COINBASE_SPOT_ETH_BTC,1425928,0.07395,2.33,0.07391,3.81329424,2022-12-11T23:04:20.255974700Z,2022-12-11T23:04:20.188181Z
f00172dd-82f2-4b3e-b58e-2e871b05040f,QUOTE_COINBASE_SPOT_ETH_BTC,1425933,0.07396,26.72145802,0.07392,1.5,2022-12-11T23:04:21.068337700Z,2022-12-11T23:04:21.000843Z
124af3df-c4f9-4284-8873-5fd29636dee3,QUOTE_COINBASE_SPOT_ETH_BTC,1425934,0.07396,30.67079072,0.07392,1.5,2022-12-11T23:04:23.962349900Z,2022-12-11T23:04:23.892601Z
55bcdc50-47b2-4366-9409-9de9d075170b,QUOTE_COINBASE_SPOT_ETH_BTC,1425936,0.07395,7.6569752,0.07392,1.5,2022-12-11T23:04:24.511210800Z,2022-12-11T23:04:24.443643Z
c7eabfae-cc32-4928-9d9a-e794d5e6f2cc,QUOTE_COINBASE_SPOT_ETH_BTC,1425938,0.07395,7.6569752,0.07392,1.5,2022-12-11T23:04:24.858151200Z,2022-12-11T23:04:24.789579Z
dd0a515a-1755-457f-a5c8-9d4d077fc250,QUOTE_COINBASE_SPOT_ETH_BTC,1425939,0.07395,8.4869752,0.07392,1.5,2022-12-11T23:04:26.604963100Z,2022-12-11T23:04:26.537538Z
96e0efac-b73e-4dff-b615-715edd3a93d4,QUOTE_COINBASE_SPOT_ETH_BTC,1425940,0.07395,8.4869752,0.07392,1.89453153,2022-12-11T23:04:26.849760500Z,2022-12-11T23:04:26.782305Z
66444834-65b5-40ac-9db8-a0f5106ddcba,QUOTE_COINBASE_SPOT_ETH_BTC,1425942,0.07395,7.65468217,0.07392,1.89453153,2022-12-11T23:04:28.308070600Z,2022-12-11T23:04:28.240163Z
b6617a2a-d257-42ca-9990-0c6e0b9d324c,QUOTE_COINBASE_SPOT_ETH_BTC,1425943,0.07395,8.04498671,0.07392,1.89453153,2022-12-11T23:04:30.054571800Z,2022-12-11T23:04:29.987228Z
39bf2c52-c6e5-405e-af7d-7c94e32dda90,QUOTE_COINBASE_SPOT_ETH_BTC,1425948,0.07396,9.46267477,0.07392,2.72453153,2022-12-11T23:04:31.155949100Z,2022-12-11T23:04:31.081944Z
6616ffd3-cc7c-42f3-ad47-ffdf3cabc98b,QUOTE_COINBASE_SPOT_ETH_BTC,1425951,0.07396,14.31880666,0.07392,3.72453153,2022-12-11T23:04:32.063566100Z,2022-12-11T23:04:31.995526Z
b22053e9-ce59-4b74-97bd-a5916e90b0c9,QUOTE_COINBASE_SPOT_ETH_BTC,1425954,0.07396,6.66267477,0.07392,3.33,2022-12-11T23:04:33.489053700Z,2022-12-11T23:04:33.421750Z
c0e3841a-ce87-4817-89d6-6ccc22879a5f,QUOTE_COINBASE_SPOT_ETH_BTC,1425957,0.07396,6.66267477,0.07392,3.33,2022-12-11T23:04:33.735580900Z,2022-12-11T23:04:33.667872Z
38beb217-f0e9-4cd9-985f-7b28cb93576c,QUOTE_COINBASE_SPOT_ETH_BTC,1425963,0.07396,2.59949031,0.07394,1.5,2022-12-11T23:04:34.642859500Z,2022-12-11T23:04:34.563725Z
8301dac7-7a32-41f6-bf7c-00c058d7c6a3,QUOTE_COINBASE_SPOT_ETH_BTC,1425965,0.07396,2.59949031,0.07393,4.004974,2022-12-11T23:04:37.149560500Z,2022-12-11T23:04:37.055975Z
651fc628-9a2b-4d1a-8575-e679a2e1f6af,QUOTE_COINBASE_SPOT_ETH_BTC,1425966,0.07396,2.59949031,0.07393,3.004974,2022-12-11T23:04:37.286946800Z,2022-12-11T23:04:37.212763Z
e6c49894-0804-4ad0-9a06-e2cc6072d252,QUOTE_COINBASE_SPOT_ETH_BTC,1425967,0.07396,3.42949031,0.07393,3.004974,2022-12-11T23:04:38.680424400Z,2022-12-11T23:04:38.604990Z
f8609c3c-1f23-461b-bd22-33199145eb8a,QUOTE_COINBASE_SPOT_ETH_BTC,1425968,0.07396,4.72949031,0.07393,3.004974,2022-12-11T23:04:38.976377200Z,2022-12-11T23:04:38.908343Z
9ec1dba5-9173-431f-a535-343a2346a365,QUOTE_COINBASE_SPOT_ETH_BTC,1425970,0.07396,2.59949031,0.07393,3.004974,2022-12-11T23:04:39.426617800Z,2022-12-11T23:04:39.357932Z
3213dabd-9ce0-4762-a22b-9e6298d83e9d,QUOTE_COINBASE_SPOT_ETH_BTC,1425971,0.07396,2.59949031,0.07393,3.00470723,2022-12-11T23:04:41.125284200Z,2022-12-11T23:04:41.046063Z
a161b351-ab77-44b4-9ba0-c9b79a158215,QUOTE_COINBASE_SPOT_ETH_BTC,1425972,0.07396,3.89949031,0.07393,3.00470723,2022-12-11T23:04:41.432891500Z,2022-12-11T23:04:41.364481Z
6cb583af-5811-4dd0-8044-121137fd4b78,QUOTE_COINBASE_SPOT_ETH_BTC,1425973,0.07396,23.59529614,0.07393,3.00470723,2022-12-11T23:04:44.168678200Z,2022-12-11T23:04:44.100196Z
cae6dfa7-d332-450b-b5c1-762dc860dca5,QUOTE_COINBASE_SPOT_ETH_BTC,1425974,0.07396,24.42529614,0.07393,3.00470723,2022-12-11T23:04:44.490073100Z,2022-12-11T23:04:44.422406Z
554b491e-ed9f-46ca-b751-f75da86dcf08,QUOTE_COINBASE_SPOT_ETH_BTC,1425977,0.07395,1.5,0.07392,7.67859237,2022-12-11T23:04:45.074867Z,2022-12-11T23:04:45.007920Z
d2812141-4184-4ccd-8f22-1462d62e2d52,QUOTE_COINBASE_SPOT_ETH_BTC,1425978,0.07395,21.19327263,0.07392,7.67859237,2022-12-11T23:04:46.419882500Z,2022-12-11T23:04:46.351613Z
36f30b7a-0d6b-4c5a-a768-90aac7ae8846,QUOTE_COINBASE_SPOT_ETH_BTC,1425980,0.07395,21.19331776,0.07392,7.67859237,2022-12-11T23:04:47.492178900Z,2022-12-11T23:04:47.424610Z
585372f5-cad8-43fb-a753-e05b6edb3216,QUOTE_COINBASE_SPOT_ETH_BTC,1425982,0.07395,21.19543438,0.07392,7.67859237,2022-12-11T23:04:48.636676600Z,2022-12-11T23:04:48.568733Z
e35076fb-2ce7-4a70-93f2-414edf6e3595,QUOTE_COINBASE_SPOT_ETH_BTC,1425983,0.07395,1.5,0.07392,7.67859237,2022-12-11T23:04:49.929372200Z,2022-12-11T23:04:49.858966Z
efe0a757-4895-4c68-984b-bc5d95c9ba09,QUOTE_COINBASE_SPOT_ETH_BTC,1425984,0.07395,21.19317872,0.07392,7.67859237,2022-12-11T23:04:51.613594600Z,2022-12-11T23:04:51.545797Z
41fb42e2-795a-4e6f-8660-7f412ec79f1f,QUOTE_COINBASE_SPOT_ETH_BTC,1425985,0.07395,1.5,0.07392,7.67859237,2022-12-11T23:04:52.525105800Z,2022-12-11T23:04:52.457665Z
1da1845a-f4db-4aac-b15c-fba89caf7d57,QUOTE_COINBASE_SPOT_ETH_BTC,1425986,0.07395,7.72738416,0.07392,7.67859237,2022-12-11T23:04:53.169873900Z,2022-12-11T23:04:53.102358Z
1f849201-7c5f-4e29-bfa6-63f0143a381f,QUOTE_COINBASE_SPOT_ETH_BTC,1425994,0.07396,2.59949031,0.07393,2.5,2022-12-11T23:04:54.038986400Z,2022-12-11T23:04:53.971633Z
32d16793-a3f1-4c41-b955-43d4d40b8b1f,QUOTE_COINBASE_SPOT_ETH_BTC,1425999,0.07396,2.59949031,0.07392,14.14161151,2022-12-11T23:05:01.167943300Z,2022-12-11T23:05:01.099Z
8bb6e840-d19b-42a9-bf99-f9e3999e792e,QUOTE_COINBASE_SPOT_ETH_BTC,1426000,0.07396,2.59949031,0.07393,1,2022-12-11T23:05:01.655772600Z,2022-12-11T23:05:01.588424Z
9f47cb10-eb69-4c65-b547-a094373edf5d,QUOTE_COINBASE_SPOT_ETH_BTC,1426002,0.07396,2.59949031,0.07393,1.5,2022-12-11T23:05:01.719822100Z,2022-12-11T23:05:01.652382Z
34cd020d-74be-4250-aae6-f4e421bf12b1,QUOTE_COINBASE_SPOT_ETH_BTC,1426003,0.07396,2.59949031,0.07392,13.14161151,2022-12-11T23:05:04.943158600Z,2022-12-11T23:05:04.875538Z
63065428-ee6e-48cd-bc01-21016c16a21f,QUOTE_COINBASE_SPOT_ETH_BTC,1426004,0.07396,2.99383948,0.07392,13.14161151,2022-12-11T23:05:05.491025100Z,2022-12-11T23:05:05.422186Z
61856110-c8d5-4919-aae0-a77d0f154d92,QUOTE_COINBASE_SPOT_ETH_BTC,1426005,0.07396,3.82383948,0.07392,13.14161151,2022-12-11T23:05:06.926146800Z,2022-12-11T23:05:06.858382Z
bd89a937-d7e9-48a1-a61b-a413cc79ada6,QUOTE_COINBASE_SPOT_ETH_BTC,1426006,0.07396,3.82383948,0.07392,12.31161151,2022-12-11T23:05:07.352341700Z,2022-12-11T23:05:07.285040Z
c22b60a8-c0b0-4e95-82dc-0ddfb762f684,QUOTE_COINBASE_SPOT_ETH_BTC,1426008,0.07396,2.99383948,0.07392,13.14161151,2022-12-11T23:05:08.169070600Z,2022-12-11T23:05:08.101884Z
b5fc5fa8-9c60-44ea-947f-826a7f0fa385,QUOTE_COINBASE_SPOT_ETH_BTC,1426010,0.07396,2.99383948,0.07393,2.5,2022-12-11T23:05:11.082806500Z,2022-12-11T23:05:11.014858Z
90294101-f806-4667-b28d-5122fd86cc3a,QUOTE_COINBASE_SPOT_ETH_BTC,1426011,0.07396,2.99383948,0.07393,1.5,2022-12-11T23:05:11.857879400Z,2022-12-11T23:05:11.790426Z
9363653e-275f-486f-b647-5934695fb8f0,QUOTE_COINBASE_SPOT_ETH_BTC,1426012,0.07396,2.59949031,0.07393,1.5,2022-12-11T23:05:13.054974200Z,2022-12-11T23:05:12.987686Z
30561b08-ada2-456f-b2c0-b21ea118297a,QUOTE_COINBASE_SPOT_ETH_BTC,1426015,0.07396,2.59949031,0.07392,13.14161151,2022-12-11T23:05:13.424328600Z,2022-12-11T23:05:13.355385Z
0cf4da5e-69cc-407a-92d5-e2c6b6dcb19d,QUOTE_COINBASE_SPOT_ETH_BTC,1426016,0.07396,2.59949031,0.07392,14.14161151,2022-12-11T23:05:13.785883400Z,2022-12-11T23:05:13.716158Z
f6338113-ca5b-43c3-b54a-1eb555484ba9,QUOTE_COINBASE_SPOT_ETH_BTC,1426019,0.07395,1.5,0.07392,13.14161151,2022-12-11T23:05:14.898139200Z,2022-12-11T23:05:14.830545Z
49b2db31-8d02-4a3e-8a9d-e02528bb77d9,QUOTE_COINBASE_SPOT_ETH_BTC,1426020,0.07396,13.84530974,0.07392,13.14161151,2022-12-11T23:05:15.747266500Z,2022-12-11T23:05:15.680037Z
238f4052-2b6d-4c34-b4e3-e052b214a48e,QUOTE_COINBASE_SPOT_ETH_BTC,1426027,0.07396,14.67530974,0.07392,10.81161151,2022-12-11T23:05:17.461021700Z,2022-12-11T23:05:17.391632Z
b1cf5c4c-9860-4a37-aa7a-abc4b9e6c717,QUOTE_COINBASE_SPOT_ETH_BTC,1426031,0.07395,1.5,0.07392,6.57981914,2022-12-11T23:05:18.045770900Z,2022-12-11T23:05:17.978017Z
97536383-508d-4ece-81d7-92c821ecfb5c,QUOTE_COINBASE_SPOT_ETH_BTC,1426038,0.07396,15.34611722,0.07393,1.5,2022-12-11T23:05:22.032206600Z,2022-12-11T23:05:21.964275Z
be490f94-02ba-4348-aaf8-e256c3982860,QUOTE_COINBASE_SPOT_ETH_BTC,1426039,0.07396,16.64611722,0.07393,1.5,2022-12-11T23:05:23.319442500Z,2022-12-11T23:05:23.251977Z
671bb13f-8536-44f6-892e-607aacbf2cd8,QUOTE_COINBASE_SPOT_ETH_BTC,1426040,0.07396,17.47611722,0.07393,1.5,2022-12-11T23:05:24.141093100Z,2022-12-11T23:05:24.073760Z
085b782f-7693-401f-9d0c-d12c21c0d025,QUOTE_COINBASE_SPOT_ETH_BTC,1426042,0.07396,15.34611722,0.07393,1.5,2022-12-11T23:05:25.180171500Z,2022-12-11T23:05:25.112531Z
6a775a18-5175-4fcf-b96a-6e49c82e4396,QUOTE_COINBASE_SPOT_ETH_BTC,1426044,0.07396,15.34611722,0.07393,1.5,2022-12-11T23:05:25.327449300Z,2022-12-11T23:05:25.259811Z
86d35fa2-7c0f-4b73-b5da-99e862ca9c6d,QUOTE_COINBASE_SPOT_ETH_BTC,1426049,0.07396,2.59949031,0.07393,2.33,2022-12-11T23:05:26.094173400Z,2022-12-11T23:05:26.025812Z
beb785e4-5a33-47ae-b337-a6a25c50ef8c,QUOTE_COINBASE_SPOT_ETH_BTC,1426051,0.07396,2.59949031,0.07393,4.42727449,2022-12-11T23:05:26.529284900Z,2022-12-11T23:05:26.461586Z
6a47ba70-ec73-4b3a-a5aa-51efd6baa874,QUOTE_COINBASE_SPOT_ETH_BTC,1426052,0.07396,2.59949031,0.07393,3.33,2022-12-11T23:05:28.353204300Z,2022-12-11T23:05:28.281350Z
ff4a55a6-6da6-47bc-b3ab-571f4496f62c,QUOTE_COINBASE_SPOT_ETH_BTC,1426053,0.07396,2.59949031,0.07393,4.08,2022-12-11T23:05:29.353747700Z,2022-12-11T23:05:29.285944Z
5a69cb1c-6deb-4b71-bde0-9d03a5540d07,QUOTE_COINBASE_SPOT_ETH_BTC,1426056,0.07396,2.59949031,0.07393,1.5,2022-12-11T23:05:34.951012700Z,2022-12-11T23:05:34.881638Z
c1df8679-05ca-4819-8fee-4e182414fc3b,QUOTE_COINBASE_SPOT_ETH_BTC,1426058,0.07396,2.59949031,0.07392,16.90981914,2022-12-11T23:05:35.662284500Z,2022-12-11T23:05:35.593415Z
fa7d2219-e583-48ab-9d2a-72135dc8eefd,QUOTE_COINBASE_SPOT_ETH_BTC,1426059,0.07396,2.59949031,0.07392,17.65981914,2022-12-11T23:05:35.806741300Z,2022-12-11T23:05:35.738615Z
51c03e73-1840-4d48-b652-2219156d9623,QUOTE_COINBASE_SPOT_ETH_BTC,1426060,0.07396,2.59949031,0.07392,16.90981914,2022-12-11T23:05:39.402158300Z,2022-12-11T23:05:39.334675Z
acdadf5b-0dc0-45a9-b01c-a910bc5e9964,QUOTE_COINBASE_SPOT_ETH_BTC,1426062,0.07396,2.59949031,0.07393,1.5,2022-12-11T23:05:40.771169900Z,2022-12-11T23:05:40.703240Z
4e048448-3bfd-4e23-a98a-8aabcd896675,QUOTE_COINBASE_SPOT_ETH_BTC,1426065,0.07396,2.59949031,0.07393,2.33,2022-12-11T23:05:41.934502700Z,2022-12-11T23:05:41.866945Z
39b4a158-3665-4daa-8ec6-ca6a81e5ab6d,QUOTE_COINBASE_SPOT_ETH_BTC,1426066,0.07396,2.59949031,0.07393,3.33,2022-12-11T23:05:43.440376400Z,2022-12-11T23:05:43.372583Z
8ea73df5-5a32-495e-a54b-294571654420,QUOTE_COINBASE_SPOT_ETH_BTC,1426067,0.07396,2.59949031,0.07394,1,2022-12-11T23:05:45.462963900Z,2022-12-11T23:05:45.395527Z
bd2f17fd-d406-46cc-9851-211b5b2362a1,QUOTE_COINBASE_SPOT_ETH_BTC,1426069,0.07396,2.59949031,0.07393,3.72098347,2022-12-11T23:05:48.036617700Z,2022-12-11T23:05:47.968247Z
fb5de5bc-d2fb-4287-bace-2d522e110984,QUOTE_COINBASE_SPOT_ETH_BTC,1426070,0.07396,2.59949031,0.07393,2.89098347,2022-12-11T23:05:49.622477300Z,2022-12-11T23:05:49.555122Z
26aa3613-541a-4468-b4da-f9a110c9f785,QUOTE_COINBASE_SPOT_ETH_BTC,1426071,0.07396,2.59949031,0.07393,1.89098347,2022-12-11T23:05:50.209946400Z,2022-12-11T23:05:50.142666Z
e3066dce-79f1-483a-b49f-dcd48b342dc0,QUOTE_COINBASE_SPOT_ETH_BTC,1426072,0.07396,2.59949031,0.07393,1.5,2022-12-11T23:05:50.788268700Z,2022-12-11T23:05:50.720281Z
df0791cb-086c-4169-8371-7a4ec789a695,QUOTE_COINBASE_SPOT_ETH_BTC,1426075,0.07396,2.59949031,0.07393,3.71588591,2022-12-11T23:05:53.341662700Z,2022-12-11T23:05:53.273324Z
5fc56467-9cc3-40eb-b50c-a7058c0d109e,QUOTE_COINBASE_SPOT_ETH_BTC,1426076,0.07396,2.59949031,0.07393,2.88588591,2022-12-11T23:05:53.915067100Z,2022-12-11T23:05:53.837455Z
9c8b70bf-519c-44fd-9326-32fba4b56649,QUOTE_COINBASE_SPOT_ETH_BTC,1426077,0.07396,2.59967595,0.07393,2.88588591,2022-12-11T23:05:56.977690600Z,2022-12-11T23:05:56.894792Z
04c6e270-7324-44a3-8c99-cc7abbe87c5a,QUOTE_COINBASE_SPOT_ETH_BTC,1426079,0.07396,2.59967595,0.07393,1.5,2022-12-11T23:05:57.838776700Z,2022-12-11T23:05:57.769855Z
1b21fbf7-af9a-4d17-805e-e8d3c21ddbbe,QUOTE_COINBASE_SPOT_ETH_BTC,1426080,0.07396,2.59967595,0.07392,16.90981914,2022-12-11T23:06:00.515157500Z,2022-12-11T23:06:00.447810Z
5550b842-8ef4-4aa1-982f-c2417ae9c3df,QUOTE_COINBASE_SPOT_ETH_BTC,1426083,0.07396,2.59967595,0.07393,1.5,2022-12-11T23:06:01.137117900Z,2022-12-11T23:06:01.069739Z
bdd4c479-dd2a-494d-829f-4cafdab27dd7,QUOTE_COINBASE_SPOT_ETH_BTC,1426087,0.07396,10.9579544,0.07393,1.5,2022-12-11T23:06:01.535284500Z,2022-12-11T23:06:01.467786Z
a9219acb-0444-451d-b57d-326b8afc9fe4,QUOTE_COINBASE_SPOT_ETH_BTC,1426088,0.07396,4.09967595,0.07393,1.5,2022-12-11T23:06:02.482703800Z,2022-12-11T23:06:02.415363Z
f109bd2d-96dc-493e-9a9d-52ca1d8d51de,QUOTE_COINBASE_SPOT_ETH_BTC,1426091,0.07396,12.25733136,0.07392,16.90981914,2022-12-11T23:06:03.070816600Z,2022-12-11T23:06:03.003379Z
9eab02ed-6857-488f-8f4b-cf8fe366c704,QUOTE_COINBASE_SPOT_ETH_BTC,1426093,0.07396,13.08733136,0.07392,16.07981914,2022-12-11T23:06:03.496791Z,2022-12-11T23:06:03.429490Z
05f2f805-e81b-4dc7-99cf-3c90c99b5838,QUOTE_COINBASE_SPOT_ETH_BTC,1426095,0.07395,1.5,0.07392,14.57981914,2022-12-11T23:06:03.950367700Z,2022-12-11T23:06:03.882972Z
feca4c2c-ea96-4237-a0f3-0b1b4045ed7e,QUOTE_COINBASE_SPOT_ETH_BTC,1426096,0.07395,7.6795473,0.07392,14.57981914,2022-12-11T23:06:07.831937400Z,2022-12-11T23:06:07.763820Z
b44dc04f-cc62-4fbf-b27e-1591ecc398d4,QUOTE_COINBASE_SPOT_ETH_BTC,1426097,0.07395,7.6795473,0.07392,6.57981914,2022-12-11T23:06:08.177181900Z,2022-12-11T23:06:08.109680Z
cdda980a-a39d-448f-9a03-f58aa4330f1e,QUOTE_COINBASE_SPOT_ETH_BTC,1426098,0.07395,8.5095473,0.07392,6.57981914,2022-12-11T23:06:08.774372600Z,2022-12-11T23:06:08.706844Z
627ba5a4-ae5c-4494-ae5d-6878f5c9246a,QUOTE_COINBASE_SPOT_ETH_BTC,1426101,0.07395,2.8,0.07392,6.57981914,2022-12-11T23:06:09.670804500Z,2022-12-11T23:06:09.590726Z
cb6d630a-70bd-4fb8-b5ba-69b1273990aa,QUOTE_COINBASE_SPOT_ETH_BTC,1426102,0.07395,1.5,0.07392,6.57981914,2022-12-11T23:06:10.100704900Z,2022-12-11T23:06:10.033610Z
ce416013-1936-4098-81ec-c5f759002ebc,QUOTE_COINBASE_SPOT_ETH_BTC,1426103,0.07395,7.67856456,0.07392,6.57981914,2022-12-11T23:06:12.920022800Z,2022-12-11T23:06:12.852116Z
e466e3ab-4a9c-43f6-ac02-4f39251a4578,QUOTE_COINBASE_SPOT_ETH_BTC,1426104,0.07395,8.97856456,0.07392,6.57981914,2022-12-11T23:06:13.207382100Z,2022-12-11T23:06:13.139921Z
869f82fc-3e4f-4c9e-ace8-43de955c8b6e,QUOTE_COINBASE_SPOT_ETH_BTC,1426106,0.07395,13.75915583,0.07392,6.57981914,2022-12-11T23:06:14.475684500Z,2022-12-11T23:06:14.407741Z
9d41aa94-9fa1-459b-b3af-80f8e9aac3d5,QUOTE_COINBASE_SPOT_ETH_BTC,1426107,0.07395,12.92915583,0.07392,6.57981914,2022-12-11T23:06:21.175149200Z,2022-12-11T23:06:21.107611Z
7ce42ed8-2f80-40fe-836f-f6081f7e4edf,QUOTE_COINBASE_SPOT_ETH_BTC,1426109,0.07395,7.58059127,0.07392,6.57981914,2022-12-11T23:06:22.802140700Z,2022-12-11T23:06:22.734124Z
639a536c-55ce-4f11-822e-122e03e82024,QUOTE_COINBASE_SPOT_ETH_BTC,1426110,0.07395,15.1605722,0.07392,6.57981914,2022-12-11T23:06:23.840180300Z,2022-12-11T23:06:23.772379Z
4ffe4150-c7d6-47a9-ad7f-cca93f98e62b,QUOTE_COINBASE_SPOT_ETH_BTC,1426115,0.07394,0.83,0.07391,0.15894606,2022-12-11T23:06:24.472475900Z,2022-12-11T23:06:24.404443Z
83dd7c83-0e94-41f6-b81c-392556dd5fb4,QUOTE_COINBASE_SPOT_ETH_BTC,1426120,0.07393,1.5,0.0739,3.8397981,2022-12-11T23:06:24.684737700Z,2022-12-11T23:06:24.617473Z
3a3bfce2-d1ec-4599-a7d1-03774a6b6430,QUOTE_COINBASE_SPOT_ETH_BTC,1426122,0.07393,1.5,0.0739,11.4468,2022-12-11T23:06:26.483446300Z,2022-12-11T23:06:26.416226Z
1f31e8f1-0f28-4a5a-a76c-212d02190f94,QUOTE_COINBASE_SPOT_ETH_BTC,1426123,0.07393,1.5,0.0739,3.4468,2022-12-11T23:06:29.874107200Z,2022-12-11T23:06:29.804857Z
82c86751-d47f-461f-8d6f-5f2f9c1cd3db,QUOTE_COINBASE_SPOT_ETH_BTC,1426125,0.07393,1.5,0.0739,3.4468,2022-12-11T23:06:31.110017500Z,2022-12-11T23:06:31.038954Z
7755b36d-2fb5-4bb4-9e86-c56f61b92587,QUOTE_COINBASE_SPOT_ETH_BTC,1426126,0.07393,2.8,0.0739,3.4468,2022-12-11T23:06:32.489073600Z,2022-12-11T23:06:32.421677Z
5c0325a4-80a6-4abd-b445-a1a1e5790732,QUOTE_COINBASE_SPOT_ETH_BTC,1426129,0.07393,2.8,0.07389,13.38389063,2022-12-11T23:06:32.864460500Z,2022-12-11T23:06:32.797095Z
6254bf96-23ec-42c9-985e-d761c1630af6,QUOTE_COINBASE_SPOT_ETH_BTC,1426131,0.07393,2.8,0.07389,13.38389063,2022-12-11T23:06:33.340015900Z,2022-12-11T23:06:33.272360Z
bcd665ae-2cb9-456d-a8fe-6fb2b51875a7,QUOTE_COINBASE_SPOT_ETH_BTC,1426132,0.07393,1.5,0.07389,13.38389063,2022-12-11T23:06:33.693365Z,2022-12-11T23:06:33.597924Z
a320cd08-d23d-496d-a523-f32d185ec2de,QUOTE_COINBASE_SPOT_ETH_BTC,1426133,0.07394,20.31767555,0.07389,13.38389063,2022-12-11T23:06:34.614149900Z,2022-12-11T23:06:34.546967Z
ecc4158a-15d1-41ef-b4d1-ea867eaf6bad,QUOTE_COINBASE_SPOT_ETH_BTC,1426138,0.07393,1.3,0.07389,14.12389063,2022-12-11T23:06:35.081002400Z,2022-12-11T23:06:35.012938Z
f60e154e-e557-43bd-be4b-6d1109a5a3bc,QUOTE_COINBASE_SPOT_ETH_BTC,1426144,0.07394,6.77765133,0.07389,14.12389063,2022-12-11T23:06:35.658937600Z,2022-12-11T23:06:35.591321Z
aa10951e-67e0-48b3-9f61-0f98d0abf80f,QUOTE_COINBASE_SPOT_ETH_BTC,1426150,0.07394,6.77765133,0.07389,14.12389063,2022-12-11T23:06:36.641344100Z,2022-12-11T23:06:36.562616Z
7e621196-de9c-4369-87f8-695b3976d14b,QUOTE_COINBASE_SPOT_ETH_BTC,1426151,0.07394,6.77765133,0.07389,15.13956106,2022-12-11T23:06:36.881704Z,2022-12-11T23:06:36.812413Z
129ce0ce-7678-4285-b6d9-0587f10c2b30,QUOTE_COINBASE_SPOT_ETH_BTC,1426153,0.07394,6.77765133,0.0739,0.83,2022-12-11T23:06:38.362215300Z,2022-12-11T23:06:38.294406Z
0f49db3a-3452-4302-881b-cf68fc14ef16,QUOTE_COINBASE_SPOT_ETH_BTC,1426154,0.07394,21.22385764,0.0739,0.83,2022-12-11T23:06:39.162321400Z,2022-12-11T23:06:39.094820Z
b0e9588a-0c8a-4eb0-beb1-827f23548571,QUOTE_COINBASE_SPOT_ETH_BTC,1426156,0.07394,21.22385764,0.07389,18.58636106,2022-12-11T23:06:39.476061700Z,2022-12-11T23:06:39.408070Z
fc8ae8d7-0393-40e0-b6fd-3fd09ac669a7,QUOTE_COINBASE_SPOT_ETH_BTC,1426160,0.07394,5.94765133,0.0739,0.83,2022-12-11T23:06:40.153432100Z,2022-12-11T23:06:40.085982Z
8d80db76-a837-4624-afed-49d39d3abe36,QUOTE_COINBASE_SPOT_ETH_BTC,1426161,0.07394,4.64765133,0.0739,0.83,2022-12-11T23:06:41.078155500Z,2022-12-11T23:06:41.010360Z
10383ce3-de30-4045-a39b-5df4cc1c3183,QUOTE_COINBASE_SPOT_ETH_BTC,1426163,0.07394,5.88205782,0.0739,0.83,2022-12-11T23:06:42.106950100Z,2022-12-11T23:06:42.039569Z
5d23811e-3e61-4ee2-b6cf-63894739cd0c,QUOTE_COINBASE_SPOT_ETH_BTC,1426165,0.07394,5.88205782,0.07389,18.58636106,2022-12-11T23:06:42.477545900Z,2022-12-11T23:06:42.407949Z
eec90e59-0b2c-496e-bb2f-8372c85a288d,QUOTE_COINBASE_SPOT_ETH_BTC,1426172,0.07394,7.18205782,0.07389,21.52365586,2022-12-11T23:06:43.105744200Z,2022-12-11T23:06:43.038577Z
d7758c40-f860-4bf3-a67d-74655612dd83,QUOTE_COINBASE_SPOT_ETH_BTC,1426173,0.07394,21.6238286,0.07389,21.52365586,2022-12-11T23:06:43.422841800Z,2022-12-11T23:06:43.354895Z
039287a3-d234-4c37-9ffa-4cc55d61ae07,QUOTE_COINBASE_SPOT_ETH_BTC,1426174,0.07394,20.3238286,0.07389,21.52365586,2022-12-11T23:06:44.538564500Z,2022-12-11T23:06:44.470855Z
79708761-fd8d-45b9-9b07-b47d7e056271,QUOTE_COINBASE_SPOT_ETH_BTC,1426175,0.07394,21.6238286,0.07389,21.52365586,2022-12-11T23:06:47.559231200Z,2022-12-11T23:06:47.491423Z
2c48405d-77ec-4c38-95c9-948dfc5a339e,QUOTE_COINBASE_SPOT_ETH_BTC,1426180,0.07394,6.35205782,0.0739,1.58,2022-12-11T23:06:49.539836900Z,2022-12-11T23:06:49.472128Z
8fa3295a-8210-4f84-a274-6cf5c552361f,QUOTE_COINBASE_SPOT_ETH_BTC,1426185,0.07394,3.55205782,0.07391,3.95795787,2022-12-11T23:06:49.805968700Z,2022-12-11T23:06:49.738349Z
2cbeb58c-8379-4788-8799-0a9e12b3f375,QUOTE_COINBASE_SPOT_ETH_BTC,1426186,0.07394,3.55205782,0.07391,2.95795787,2022-12-11T23:06:50.476478400Z,2022-12-11T23:06:50.409403Z
5c6edbb3-67f1-4dc9-971a-94d261cf71fb,QUOTE_COINBASE_SPOT_ETH_BTC,1426187,0.07394,3.55205782,0.07391,4.45795787,2022-12-11T23:06:50.682038800Z,2022-12-11T23:06:50.614718Z
01f1442b-4d3f-4a6b-95cb-d9c04c314ed3,QUOTE_COINBASE_SPOT_ETH_BTC,1426189,0.07394,3.55205782,0.07391,4.45795787,2022-12-11T23:06:51.197293400Z,2022-12-11T23:06:51.129074Z
19f6b9d5-9ff3-47e3-a6fe-216cd61b6c83,QUOTE_COINBASE_SPOT_ETH_BTC,1426190,0.07394,3.55205782,0.07391,5.45795787,2022-12-11T23:06:52.824846Z,2022-12-11T23:06:52.757480Z
16490f77-9a13-479d-96f9-eb9e1ffa31aa,QUOTE_COINBASE_SPOT_ETH_BTC,1426191,0.07394,3.55205782,0.07392,1.5,2022-12-11T23:06:54.078316100Z,2022-12-11T23:06:54.009980Z
d85b8502-cf1c-468a-86be-24992993c6b4,QUOTE_COINBASE_SPOT_ETH_BTC,1426194,0.07395,7.65179149,0.07392,1.5,2022-12-11T23:06:54.409757200Z,2022-12-11T23:06:54.342192Z
30eb33b7-55e5-4496-a18d-24185a145fd3,QUOTE_COINBASE_SPOT_ETH_BTC,1426196,0.07395,3.9452485,0.07392,1.5,2022-12-11T23:06:55.092837600Z,2022-12-11T23:06:55.024384Z
9422e789-bd15-4d23-a2cc-18f7e9e91ddf,QUOTE_COINBASE_SPOT_ETH_BTC,1426200,0.07396,11.63018564,0.07392,1.5,2022-12-11T23:06:55.681461900Z,2022-12-11T23:06:55.613890Z
6541404d-5d68-44b5-85be-297006496f4e,QUOTE_COINBASE_SPOT_ETH_BTC,1426201,0.07396,15.17902254,0.07392,1.5,2022-12-11T23:06:56.361132700Z,2022-12-11T23:06:56.281691Z
